4716 6098
1225 758 1244 820 6

1193 849 1333 858 —---.-—

443 954 580 1024 voluisse
602 974 663 1037 quo
686 977 714 1022 v.
740 963 801 1024 als
824 959 926 1026 verbis
949 963 1010 1023 τῶν
1034 965 1165 1050 πτωχῶν
1194 959 1223 1025 δ’
1249 963 1453 1048 ύπεκρούσιυ,
1477 983 1506 1028 v.
1531 970 1591 1030 553
1614 965 1678 1035 τοῖς
1700 963 1803 1052 ἔργοις
1825 967 2028 1056 προσέχοντα,

442 1095 472 1141 v.
491 1079 549 1141 561
575 1083 638 1149 τοῖς
660 1077 788 1168 ἐχθροῖς
808 1079 939 1165 ἀνιαροί,
963 1099 991 1144 v.
1009 1087 1070 1147 565
1088 1083 1161 1154 τούς
1181 1085 1303 1173 τοίχους
1323 1083 1504 1171 διορύττειν,
1525 1105 1554 1150 v.
1573 1091 1634 1152 570
1657 1095 1704 1173 τῷ
1728 1087 1821 1176 ύῆγιιρ
1844 1085 2029 1173 πολεμοῦσιν

443 1216 479 1263 ec
506 1181 631 1282 Bergkii
657 1199 867 1267 coniecturam
901 1204 1145 1284 comprobarem.
1191 1207 1233 1271 lit
1261 1224 1331 1272 mox
1360 1205 1498 1273 intellexi
1526 1213 1612 1272 recte
1645 1207 1707 1274 dici
1740 1207 1905 1296 κοσμιότης
1945 1209 2028 1284 οἰκεῖ,

442 1317 578 1384 absurde
606 1317 742 1404 ὑβρίζειν
770 1320 819 1386 rel
847 1319 1020 1407 ἐνυβρίζειν
1043 1325 1126 1388 οἰκεῖ.
1172 1325 1285 1408 Itaque
1307 1345 1390 1392 nunc
1412 1327 1549 1411 Reisigio
1573 1327 1711 1394 Coniect.
1735 1347 1765 1410 p.
1790 1334 1852 1395 256
1875 1334 1907 1395 et
1928 1329 2029 1394 Friti-

442 1437 527 1504 schio
549 1439 589 1506 ad
612 1439 735 1506 Thesm.
760 1446 822 1507 720
850 1441 881 1507 in
904 1443 1087 1511 Ravennate
1109 1442 1175 1508 ἔστ’
1198 1447 1348 1512 omissum
1369 1448 1400 1512 iu
1424 1449 1536 1514 ceteris
1560 1445 1622 1511 ἔστ’
1647 1448 1871 1536 ἐνυβρίζειν
1892 1451 1924 1516 in
1948 1449 2029 1514 ἐστίν

443 1557 581 1644 ὑβρίζειν
604 1566 785 1644 corruptum
808 1581 877 1629 esse
900 1565 999 1631 rideri
1021 1565 1166 1631 lubenter
1194 1567 1339 1633 concedo.
1384 1567 1538 1634 Nimirum
1562 1569 1691 1637 verbum
1713 1571 1927 1653 compositum,
1945 1572 2029 1652 quod

441 1699 498 1764 per
520 1699 626 1747 omues
641 1683 757 1750 atticae
779 1686 957 1751 comoediae
979 1685 1127 1770 reliquias
1149 1685 1267 1754 imstra
1288 1688 1452 1769 quaeritur
1474 1681 1603 1796 er‘cep'to
1632 1709 1694 1757 uuo
1715 1690 1783 1758 loco
1805 1692 1929 1758 Thesm.
1955 1697 2026 1772 720,

441 1802 496 1868 ubi
519 1801 551 1868 in
573 1803 696 1870 eborico
718 1803 842 1887 legitur,
864 1806 896 1871 iu
919 1808 1095 1873 trimetrum
1118 1827 1317 1892 nequequam
1340 1811 1530 1894 exciperem,
1553 1811 1585 1877 iu
1614 1813 1815 1896 anapaestico
1846 1817 2028 1880 tetrametro

443 1923 684 2006 Aristophanem
706 1926 839 2008 simplici
860 1927 1048 2009 praetulisse
1069 1926 1161 1996 facile
1184 1928 1285 1995 credo.

544 2064 572 2110 r.
596 2049 677 2111 1088
700 2063 746 2128 sq.
769 2046 834 2114 fere
856 2049 1020 2114 scribitur:

792 2163 860 2231 ἀλλ’
884 2164 974 2232 εἴσιθ’
999 2166 1085 2234 εἴσω·
1108 2177 1155 2256 τῷ
1178 2167 1252 2256 θεῷ
1273 2169 1334 2257 γὰρ
1355 2169 1508 2255 βούλομαι

792 2286 892 2363 ἐλθὼν
916 2287 1078 2354 ἀναθεῖναι
1100 2291 1174 2362 τούς
1195 2293 1373 2378 στεφάνους
1395 2291 1505 2356 τούσδ’
1529 2289 1585 2360 οὓς
1608 2287 1679 2379 ἔχω.

442 2409 607 2474 Ravennas
630 2407 716 2474 solus
731 2427 788 2491 pro
811 2409 867 2481 οὓς
881 2410 1007 2478 exhibet
1022 2413 1075 2483 ὡς.
1106 2413 1280 2480 Meinelrius
1296 2413 1386 2480 Vind.
1402 2434 1432 2496 p.
1450 2417 1510 2478 222
1526 2413 1603 2479 baec
1621 2409 1710 2478 dicit:
1737 2410 1919 2476 »Postrema
1933 2409 2029 2476 verba

442 2528 519 2594 satis
541 2529 647 2596 ieiuna
668 2535 756 2610 sunt,
778 2551 815 2597 ac
837 2532 940 2599 nescio
963 2552 1003 2599 an
1025 2538 1119 2617 poeta
1140 2535 1302 2618 scripserit
1324 2535 1370 2604 ὡς
1392 2531 1471 2623 ἔχω,
1494 2530 1679 2614 confratria,
1703 2530 1788 2614 quod
1809 2528 1955 2614 frequens
1979 2533 2028 2596 est

440 2648 643 2733 Aristophani
666 2651 787 2718 dicendi
808 2671 916 2734 genus,
938 2654 1095 2736 habetque
1115 2653 1175 2722 lroc
1197 2656 1299 2738 ipsum
1321 2657 1399 2722 llas.
1422 2655 1477 2722 cir.
1501 2655 1581 2738 Equ.
1604 2658 1667 2719 486
1691 2655 1816 2739 πρῶτον
1839 2650 1873 2714 ‹i'
1896 2651 1943 2721 ὡς
1964 2647 2027 2738 ἔχον

442 2771 498 2842 τὰς
523 2770 638 2841 κοιλίας
665 2773 714 2835 καί
743 2772 799 2843 τὰς
816 2773 975 2862 μαχαίρας
996 2773 1105 2839 ἐνθαδὶ
1126 2773 1371 2865 καταθήσομαι(
1409 2776 1497 2842 Haec
1518 2795 1575 2858 ego
1598 2773 1728 2856 probari
1744 2772 1848 2840 Goctt.
1872 2771 1932 2856 gel.
1949 2773 2026 2837 Anz.

443 2895 525 2958 1866
548 2910 578 2974 p.
604 2898 665 2958 155
688 2898 721 2959 et
741 2893 887 2975 probavit
909 2896 1120 2978 Kappepuius,
1143 2898 1197 2977 qui
1220 2901 1343 2962 tautum
1365 2914 1428 2962 uon
1450 2896 1568 2978 recepit
1591 2895 1699 2978 optimi
1722 2893 1837 2962 codicis
1860 2892 2025 2959 lectionem

441 3015 599 3098 optimam.
645 3013 708 3080 Sed
729 3014 761 3079 id
783 3033 864 3098 nego
886 3015 933 3086 ὡς
953 3013 1015 3106 ἔχω
1038 3016 1186 3084 hocloco
1209 3017 1384 3100 essequod
1406 3016 1510 3082 Latini
1540 3013 1707 3100 confestim
1737 3015 1846 3080 dicunt
1866 3013 1915 3079 rel
1938 3009 2029 3076 nulla

441 3119 532 3199 οιόιο
554 3135 752 3222 interposita.
796 3136 882 3203 Haec
904 3138 985 3203 euim
1008 3137 1122 3222 agendi
1145 3138 1290 3204 celeritas
1313 3157 1373 3204 non
1397 3143 1447 3204 est
1468 3135 1684 3216 adolescentis=
1700 3135 1753 3219 qni
1768 3135 1841 3200 inde
1864 3153 1926 3200 av.
1944 3138 2025 3199 1642

441 3275 487 3340 sq.
516 3257 668 3338 propositi
705 3258 868 3323 immemor
894 3275 964 3323 cum
987 3257 1151 3341 Chremylo
1174 3278 1210 3325 ac
1231 3257 1338 3324 setnla
1360 3257 1540 3325 conlocutus
1563 3259 1612 3324 sit.
1662 3255 1745 3336 Quid
1766 3254 1825 3321 lroc
1854 3255 1921 3321 loco
1951 3253 2028 3320 illud
2134 3345 2139 3354 υ

441 3378 488 3447 ὡς
514 3374 577 3466 ἔχοι
599 3376 650 3460 sit,
678 3379 757 3445 disci
779 3382 884 3462 potest
906 3399 943 3444 ex
971 3379 1043 3463 Lys.
1074 3384 1145 3446 609.
1173 3398 1218 3461 sq.
1251 3381 1286 3468 νὴ
1316 3381 1367 3444 τὸν
1393 3377 1441 3443 Δί’
1472 3379 1549 3442 ἀλλὰ
1572 3382 1637 3449 τοῖς
1665 3375 1854 3465 προβούλοις
1882 3375 2024 3462 ἄντικρυς

441 3496 576 3582 ἐμαυτὸν
592 3495 735 3571 ἐπιδείξω
755 3497 897 3582 βαδίζον
919 3499 965 3569 ὡς
981 3496 1052 3588 ἔχιν,
1071 3500 1126 3566 ubi
1147 3501 1280 3584 adparet
1297 3501 1462 3581 probulum
1480 3501 1520 3566 ad
1538 3519 1609 3567 eum
1627 3499 1771 3566 habitum
1789 3497 1953 3579 respicere,
1965 3514 2027 3579 quo

442 3617 609 3684 mulierum
619 3616 770 3685 beneficio
789 3620 947 3686 utebatur.
972 3621 1075 3699 Atque
1086 3619 1117 3685 id
1130 3621 1241 3686 summi
1253 3620 1401 3686 momenti
1414 3625 1470 3699 cst,
1487 3621 1532 3690 ὡς
1546 3617 1607 3709 ἔχω
1620 3617 1808 3685 locutionem
1819 3634 1892 3683 cum
1907 3620 2025 3682 statum

442 3736 631 3823 significare,
654 3739 686 3804 iu
708 3758 771 3823 quo
793 3739 907 3822 aliquis
929 3741 1047 3823 aliquid
1069 3745 1159 3824 agat,
1182 3742 1277 3825 quisi
1293 3741 1655 3824 adsgendumuondum
1671 3741 1711 3807 sb
1728 3740 1812 3806 omni
1826 3743 1917 3821 parte
1933 3742 2028 3820 aptus

441 3864 500 3939 est,
520 3859 664 3926 celeritas
675 3859 730 3926 illa
740 3861 898 3929 locutione
909 3861 1074 3942 iudicatur,
1093 3879 1156 3944 qua
1167 3863 1194 3928 is
1206 3862 1256 3928 rel
1265 3881 1326 3929 non
1338 3869 1467 3945 paratus
1479 3879 1572 3943 agere
1583 3861 1723 3944 incipiat;
1744 3860 1771 3926 si
1786 3858 2029 3926 autemillesta-

390 4001 391 4006 ¹
442 3985 494 4047 tus
517 3980 545 4047 is
562 3985 620 4062 est,
648 4001 686 4048 aa
704 3999 767 4063 quo
789 3983 901 4066 aliquis
917 3983 1045 4050 tandem
1061 3983 1228 4066 aliquando
1247 4001 1405 4064 emergere
1422 3981 1505 4060 velit,
1536 3980 1599 4046 illis
1621 3978 1779 4047 vocabulis
1799 3978 1866 4044 lere
1884 3979 1967 4044 idem
1988 3980 2027 4044 si·

443 4100 583 4183 gnificari
598 4107 709 4186 potest
730 4103 814 4187 quod
836 4103 933 4170 latine
957 4102 1122 4170 ›tandem‹
1138 4103 1298 4170 vocabulo.
1336 4101 1389 4168 Sic
1403 4101 1628 4185 Equitumillo
1650 4102 1727 4182 loco,
1743 4119 1837 4184 quern
1852 4099 2028 4166 Meinekius

441 4223 566 4306 adtulit,
590 4223 768 4290 insiciurius
791 4223 863 4290 inde
883 4244 942 4291 av.
958 4229 1018 4291 160
1041 4225 1074 4291 in
1090 4242 1204 4290 scaena
1219 4229 1362 4290 versatus
1379 4224 1566 4305 adparatum
1584 4239 1676 4288 suum
1693 4227 1808 4305 portat,
1830 4239 1924 4304 quem
1944 4238 2028 4287 nunc

442 4343 568 4411 tandem
583 4345 743 4428 deponere
758 4345 841 4427 licet,
856 4351 1022 4428 postquam
1039 4363 1186 4429 magnum
1200 4344 1277 4410 illud
1292 4363 1415 4427 munus,
1432 4363 1492 4428 quo
1508 4344 1711 4428 dignissimus
1725 4349 1775 4408 est
1789 4344 1943 4422 inventus,
1960 4359 2028 4407 sus-

440 4465 544 4548 cipere
566 4465 736 4532 constituit.
783 4466 834 4534 Sic
853 4469 948 4534 etiam
966 4467 1019 4532 illu
1038 4466 1121 4532 Pluti
1144 4466 1211 4533 loco
1233 4465 1414 4533 adolescens
1438 4461 1563 4528 ιοοιίοκι
1585 4483 1619 4530 se
1646 4465 1862 4545 depositurum
1884 4481 1954 4529 esse
1976 4481 2028 4530 co·

442 4605 550 4668 tonas,
572 4605 651 4670 quas
673 4605 775 4670 usque
793 4587 898 4654 ferens
928 4587 1132 4669 adparuerat,
1162 4587 1209 4658 ὡς
1237 4583 1300 4674 ἔχω
1328 4585 1430 4652 verbis
1459 4583 1623 4669 significat.
1666 4585 1711 4651 Ut
1732 4602 1806 4650 vero
1827 4582 1887 4648 boc
1909 4583 1977 4650 loco
1999 4581 2029 4650 ei

442 4707 602 4789 vocabulo,
626 4726 689 4791 quo
712 4713 749 4772 ut
771 4709 816 4774 ita
839 4707 941 4775 dicam
964 4708 1061 4773 totius
1084 4706 1272 4774 condicionis
1294 4726 1416 4774 summa
1438 4707 1625 4787 continetur,
1653 4704 1934 4773 demonstrativum
1958 4723 2027 4786 pro·

442 4846 555 4895 nomen
577 4827 719 4895 additum
742 4833 800 4910 est,
824 4829 986 4895 sicariam
1009 4827 1081 4912 Lys.
1106 4833 1167 4894 316
1190 4827 1246 4892 ουίι
1266 4827 1340 4892 oldut
1360 4828 1394 4892 α’
1419 4829 1447 4892 cl
1467 4829 1512 4916 τῇ
1538 4827 1570 4890 b’
1599 4827 1648 4897 ὡς
1676 4823 1750 4916 ἔχοι
1780 4835 1825 4916 τῇ
1855 4825 2028 4910 λαμπάδι

444 4947 619 5024 σταθεύσω,
643 4950 732 5016 cuius
753 4949 814 5016 loci
836 4948 1006 5016 similitudo
1028 4969 1120 5034 spero
1139 4948 1207 5017 lore
1228 4955 1264 5016 ut
1286 4949 1381 5016 etiam
1404 4951 1433 5016 ci
1455 4968 1577 5015 omnam
1591 4947 1819 5015 dubitationem
1834 4950 1959 5024 eximat,
1976 4948 2027 5016 cui

349 5079 353 5088 '
440 5069 545 5138 adhuc
565 5087 628 5136 non
649 5072 862 5154 persuasimus
884 5091 913 5136 v.
940 5077 1020 5138 1089
1045 5091 1083 5139 ex
1104 5071 1285 5139 arvernate
1307 5070 1354 5140 ὡς
1375 5067 1437 5158 ἕχον
1458 5043 1670 5152 recipiendum
1692 5068 1811 5150 σεεν)

509 5225 538 5294 ¹²)
565 5227 657 5280 Mirum
683 5235 734 5290 ast,
757 5225 952 5296 Aristophanem
974 5233 1072 5295 praeter
1096 5225 1167 5280 saal.
1193 5226 1244 5283 533
1268 5221 1328 5276 ἀλλ’
1359 5223 1456 5293 ὥσπερ
1480 5220 1552 5294 εἶχον
1572 5221 1679 5294 ᾠχόμην
1704 5225 1747 5291 (cs.
1771 5221 1875 5292 Antiplr.
1899 5221 1969 5275 Gom.
1991 5223 2027 5275 111

440 5334 466 5385 p·
481 5315 542 5383 114>
559 5315 653 5384 ubique
671 5311 710 5374 ὡς
728 5311 782 5388 ἔχω
799 5315 938 5386 scripsisse,
956 5316 1156 5386 conscriptores
1173 5311 1269 5383 ὥσπερ
1280 5313 1420 5368 maluerint.
1432 5315 1463 5366 cf.
1474 5312 1538 5370 Xeu.
1551 5313 1632 5366 Δεινὴ.
1644 5312 1689 5378 lv,
1704 5315 1726 5378 1,
1740 5313 1780 5366 19.
1793 5311 1885 5380 Cyrop.
1905 5309 1949 5374 111,
1963 5313 1986 5374 1,
2001 5310 2027 5364 7.
