4716 6098
1257 629 1299 692 20

483 834 629 901 vennatis
664 833 821 915 scripturo
848 831 952 898 nniuri
984 835 1101 914 posses
1150 831 1281 914 Recepit
1315 829 1446 912 Bergkii
1473 827 1684 896 coniecturam
1712 825 2005 911 suppoprimus
2033 827 2075 894 de

484 952 633 1036 Coppello
655 951 688 1016 in
710 951 915 1018 adnotatione
937 949 1046 1016 erinna
1068 950 1108 1016 de
1132 951 1289 1039 τυγχάνειν
1312 949 1447 1018 conferri
1468 949 1579 1015 iubens
1601 967 1646 1014 rs.
1671 952 1732 1014 636
1755 953 1788 1014 el
1807 948 1940 1014 laudans
1962 945 2075 1014 Cubeii

484 1072 727 1156 disputationem
750 1071 828 1137 Nor.
846 1069 938 1136 dect.
961 1089 992 1151 p.
1016 1075 1078 1136 200
1108 1089 1154 1153 sq.
1200 1069 1262 1136 Sed
1284 1085 1366 1153 qnae
1387 1068 1450 1136 illie
1471 1067 1671 1150 leguntur-u
1693 1066 1821 1150 Bergkii
1848 1066 1983 1134 lectione
2010 1085 2074 1134 non

482 1193 586 1258 minus
607 1191 757 1258 diiiernnt
777 1208 871 1274 quarn
894 1207 975 1270 quae
996 1190 1082 1272 apud
1104 1191 1258 1258 Cebetem
1280 1194 1430 1273 congesta
1450 1195 1526 1255 sunt
1546 1188 1640 1254 hairus
1661 1188 1749 1254 verbi
1772 1187 1925 1270 exempla.
1947 1186 2075 1270 Ubique

483 1313 564 1379 enirn
587 1319 675 1378 certa
695 1329 831 1393 persona
852 1311 977 1392 qualern
997 1329 1032 1377 se
1054 1311 1213 1399 τυγχάνειν
1235 1311 1323 1378 verbi
1345 1310 1486 1377 subiecto
1508 1308 1862 1393 praeostensorum
1891 1307 1980 1376 cuius
2004 1325 2075 1388 per-

470 1449 580 1500 'sonas
600 1437 676 1496 nota
698 1430 883 1512 plerumque
911 1430 1021 1498 addita
1047 1436 1097 1496 est
1116 1436 1155 1496 ut
1174 1431 1258 1497 Plus.
1282 1435 1344 1497 636
1371 1426 1598 1518 Ἀσκληπιοῦ
1629 1432 1766 1499 παιῶνος
1788 1426 1939 1512 εὐμενοῦς
1960 1429 2074 1516 τυχών,

484 1553 593 1635 Eurip.
616 1549 686 1618 Hel.
711 1553 793 1616 1300
820 1551 927 1636 ίγμῶν
950 1551 1109 1640 τυγχάνων
1139 1551 1213 1614 οίων
1242 1573 1280 1614 σε
1302 1551 1385 1641 χρὴ,
1414 1549 1508 1634 Suph.
1538 1548 1576 1615 Ο.
1600 1547 1634 1614 0.
1660 1554 1743 1614 1482
1772 1548 1908 1614 ἐναισίου
1937 1549 1974 1612 δὲ
2002 1553 2074 1614 σοῦ

486 1673 602 1761 τύχοιμι
625 1671 803 1756 (legebatur
824 1669 1023 1759 συντύχοιμι),
1046 1671 1154 1754 Eurip.
1170 1671 1287 1737 Aleuas.
1303 1675 1363 1736 559
1379 1670 1474 1740 αὐτὸς
1487 1665 1519 1734 δ’
1536 1669 1667 1756 ἀρίστου
1684 1668 1801 1733 τοῦδε
1816 1670 1957 1758 τυγχάνω
1973 1669 2074 1752 ξένου,

484 1792 597 1859 Troud.
622 1797 683 1858 739
713 1790 791 1878 ούτὴ
814 1786 840 1854 τ’
865 1785 1023 1878 Ἀχαιῶν
1052 1788 1331 1875 πρευμενεστέρων
1353 1790 1469 1878 τύχοις,
1498 1790 1571 1874 Lys.
1594 1795 1653 1871 24,-
1675 1794 1716 1856 23
1738 1789 1840 1856 διὰτί
1867 1791 1929 1875 γὰρ
1958 1790 1997 1854 δν
2026 1792 2075 1856 καί

485 1912 601 2002 τύχοιμι
623 1911 770 1976 τοιούτων
793 1911 912 1996 ύμῶν;
937 1915 986 1988 18,
1009 1916 1050 1977 23
1073 1911 1147 1975 οίων
1171 1911 1275 1996 ὑμῶν
1298 1911 1332 1975 ἐν
1359 1916 1424 1982 τοῖς
1451 1909 1600 1981 κινδύνοις
1628 1911 1801 1986 τεύξονται;
1838 1911 1957 1978 Andoc.
1980 1916 2010 1991 3,
2034 1915 2072 1976 21

484 2031 580 2097 ποίων
603 2037 693 2096 τινῶν
713 2032 1033 2118 Λακεδαιμονίων
1060 2027 1282 2123 τυγχάνοντας;
1311 2041 1346 2112 4,
1376 2038 1395 2098 2
1426 2031 1599 2119 προδύμων
1623 2031 1682 2117 μὲν
1711 2034 1760 2096 ναί
1786 2029 1918 2114 ἀγαθῶν
1946 2031 2074 2118 ἀνδρῶν

485 2156 587 2241 ὑμῶν
609 2149 779 2243 τυγχάνων,
800 2155 880 2220 Xeu.
904 2155 1003 2222 Anab.
1027 2154 1065 2236 V,
1088 2160 1116 2234 5,
1143 2160 1181 2219 15
1204 2153 1345 2239 ἐρωτᾶτε
1372 2152 1409 2216 δὲ
1437 2151 1552 2223 αύτούς
1572 2152 1688 2216 ὁποίων
1709 2157 1799 2216 τινῶν
1822 2154 1929 2241 ημῶν
1956 2151 2073 2244 ἔτυχον.

485 2274 606 2356 Quibus
628 2275 779 2357 exemplis
801 2275 910 2342 dnhiio
933 2293 1004 2343 cnm
1027 2274 1145 2342 Cobeto
1168 2274 1285 2342 'addere
1306 2274 1379 2357 Lys.
1404 2279 1454 2353 24,
1478 2278 1528 2356 26,
1550 2275 1605 2341 ubi
1620 2273 1737 2359 ὁμοίως
1751 2274 1901 2342 adverbio
1916 2275 2075 2342 lenissime

484 2397 649 2462 immutato
664 2395 832 2479 legendum
846 2413 916 2462 esse
930 2397 1110 2479 suspicatus
1124 2401 1191 2464 est:
1211 2397 1256 2482 μή
1279 2395 1390 2478 τοίνυν,
1412 2395 1439 2459 ὧ
1458 2395 1571 2485 βουλή,
1591 2395 1692 2484 μηδέν
1714 2397 1904 2484 ἡμαρτηκὼς
1925 2394 2074 2481 ὁμοίων

486 2518 586 2603 ύμύν
609 2512 726 2605 τύχοιμι
748 2521 813 2588 τοῖς
835 2517 932 2582 πολλὰ
953 2516 1143 2604 dicipulum
1172 2518 1204 2582 in
1232 2517 1374 2600 proximu
1395 2523 1500 2584 autern
1522 2517 1719 2600 paragrapho
1742 2518 1839 2583 verba
1860 2516 1923 2598 ἐγὼ
1947 2515 1984 2581 δὲ
2007 2510 2074 2581 τού·

485 2661 547 2702 τιον
570 2638 638 2723 ύμῖν
661 2639 760 2728 τυχὼν
783 2637 846 2710 ἔξω
871 2639 926 2726 την
944 2632 1038 2725 χάριν
1061 2655 1138 2704 sana
1162 2656 1231 2704 esse
1253 2655 1439 2722 persuasum
1453 2637 1563 2705 huben.
1600 2639 1762 2704 Pertinere
1784 2637 1846 2704 hue
1868 2637 1964 2704 etiarn
1978 2638 2073 2721 Soph.

484 2759 563 2826 Phil.
588 2763 650 2825 320
673 2760 830 2848 συντυχὼν
852 2762 955 2822 κακῶν
977 2757 1103 2844 ἀνδρῶν
1124 2755 1333 2844 Ἀτρειδῶν
1360 2761 1416 2846 τῆς
1443 2753 1469 2822 τ’
1496 2754 1674 2828 Ὀδυσσέως
1698 2757 1774 2841 βίος
1800 2758 1961 2826 verissime
1986 2759 2077 2826 intei-

483 2879 561 2947 lerit
582 2878 729 2959 Cebetas,
752 2879 803 2946 eui
825 2897 887 2944 non
913 2879 1006 2946 credo
1028 2879 1137 2962 Eurip.
1161 2877 1215 2944 Or.
1241 2883 1298 2944 701
1332 2876 1435 2967 τύχοις
1463 2878 1502 2941 ἂν
1530 2877 1649 2941 αὐτοῦ
1674 2877 1799 2964 ῥᾳδίως
1825 2879 1921 2942 ύσον
1943 2877 2078 2949 θέλεις

484 3002 597 3068 ultime
618 3001 716 3068 verbu
737 3000 924 3083 corrigenda
945 3017 1014 3067 esse
1036 3001 1068 3065 in
1091 2999 1157 3062 οἵου
1185 2995 1288 3068 ύέλεις
1314 3014 1416 3079 neque
1445 2999 1479 3064 in
1500 2998 1661 3080 Euripidis
1689 2997 1865 3082 fragmento
1894 2999 1979 3083 apud
2007 2998 2077 3066 sio

484 3121 597 3187 baeurn
619 3119 710 3186 dorii.
733 3119 888 3200 Lx111,r
919 3120 1052 3204 (Nauck.
1076 3119 1165 3202 lrgrn.
1188 3138 1219 3202 p.
1244 3123 1315 3184 295.
1347 3118 1513 3201 Aeolid)
1544 3118 1661 3208 τύχοιμι
1688 3115 1720 3182 d'
1749 3118 1854 3207 αὐτῆς,
1884 3119 1965 3208 ἡνίκ’
1996 3119 2077 3184 ἐστίν

486 3239 619 3329 εὐμενής
641 3261 661 3306 e
681 3241 818 3307 librariis
839 3239 921 3304 ἐστιν
943 3259 1013 3307 curn
1030 3239 1113 3306 ,εἶσιν
1135 3244 1361 3306 commutatum
1383 3258 1461 3307 esse.
1506 3238 1565 3306 ille
1594 3239 1676 3306 enim
1697 3240 1785 3306 locus
1807 3239 1987 3307 defenditur
2008 3241 2076 3307 eins

487 3361 705 3440 similitudine,
734 3379 827 3442 quern
855 3361 924 3442 ipse
953 3359 1091 3428 Cobetus
1119 3360 1234 3428 adtulit
1261 3361 1369 3443 Enrip.
1401 3359 1760 3449 1010001095ἢμη
1791 3359 1954 3446 παρούσης
1981 3363 2077 3428 τοῦτο

358 3485 362 3494 “
486 3481 633 3568 τεύξομαι
654 3477 750 3546 σέδεν
765 3481 954 3566 (11εο01000
978 3481 1005 3545 εί
1019 3478 1050 3545 δ’
1075 3480 1111 3545 ού
1135 3479 1299 3569 παρούσης
1320 3479 1416 3545 ταῦτά
1439 3481 1586 3564 τεύξομαι
1608 3478 1720 3562 σέδεν;
1743 3481 1816 3548 iibri
1837 3480 1915 3546 ίδού.
1929 3477 1969 3546 Ἤ
1977 3483 2022 3568 μη
2037 3482 2078 3548 (le

485 3622 543 3670 suo
565 3603 729 3686 Musurus)
752 3603 948 3686 aliorumque
968 3607 1005 3669 ut
1026 3602 1121 3686 Soph.
1141 3602 1219 3669 Phil.
1239 3607 1322 3669 1315
1344 3601 1390 3665 ύν
1413 3601 1450 3666 δέ
1472 3625 1531 3665 σου
1554 3607 1653 3692 τυχεῖν
1675 3602 1812 3689 ἐφίεμαι.
1835 3602 1943 3685 Eurip.
1960 3603 2076 3670 Aleuae

487 3729 549 3790 666
572 3724 593 3787 d
614 3720 645 3786 δ’
669 3723 758 3811 ημῶν
775 3728 859 3812 χρῆν
883 3745 921 3786 σε
943 3725 1102 3812 τυγχάνειν
1125 3721 1214 3812 ἔχεις,
1237 3724 1320 3789 Med.
1337 3727 1399 3788 259
1423 3725 1571 3787 τοσοῦτον
1593 3721 1648 3788 οῦν
1669 3747 1727 3788 σου
1752 3721 1908 3813 τυγχάνειν
1922 3724 2078 3812 βουλησο·

482 3867 549 3928 μοι,
572 3849 634 3912 338
657 3842 693 3906 ού
716 3841 794 3908 τοῦδ
828 3866 975 3908 ινιετευσα
999 3847 1056 3908 σοῦ
1080 3847 1190 3934 τυχεῖν,
1213 3844 1313 3911 allero
1335 3845 1403 3912 loco
1424 3845 1571 3914 edentur
1592 3845 1625 3910 in
1647 3845 1745 3934 αὐτῆς
1765 3847 1881 3912 amoris
1895 3849 1930 3911 et
1944 3845 2078 3913 Veneris

485 3964 629 4031 notiones
651 3965 834 4032 coniunctae
856 3983 925 4030 esse
950 3969 983 4030 et
1004 3964 1045 4031 ad
1067 3964 1153 4030 illem
1176 3965 1302 4054 τύχοιμι,
1326 3965 1368 4031 ad
1390 3964 1471 4031 huno
1492 3969 1601 4046 aptnrn
1624 3983 1695 4032 esse
1716 3961 1793 4053 ἡνίκ’
1822 3965 1904 4030 ἐστὶν
1934 3963 2076 4053 εὐμενής.

486 4085 558 4152 Dixi
579 4105 677 4169 supra
698 4085 766 4151 eius
789 4101 960 4168 personae,
982 4102 1064 4167 qnae
1086 4084 1210 4168 qualem
1233 4102 1268 4150 so
1290 4086 1449 4174 τυγχάνειν
1471 4085 1558 4151 verbi
1580 4085 1721 4152 subiecto
1741 4085 1922 4168 praeberet,
1949 4103 2077 4167 quaere

486 4211 585 4287 retur,
604 4205 788 4290 plerumque
816 4204 960 4271 additum
993 4224 1063 4272 esse
1090 4225 1203 4274 nornen
1232 4206 1282 4271 vel
1303 4213 1425 4280 nutam3
1453 4205 1570 4272 omissa
1591 4211 1641 4274 esi
1668 4206 1768 4272 omnis
1801 4206 1868 4272 eius
1890 4203 2076 4290 significatio

487 4327 595 4410 Eurip.
620 4325 768 4392 Androm.
793 4329 853 4390 742
877 4321 1076 4410 θυμούμενος
1096 4323 1133 4388 δὲ
1158 4325 1299 4398 τεύξεται
1327 4323 1534 4410 θυμουμένων
1563 4334 1596 4392 ei
1624 4327 1697 4409 Lys.
1724 4331 1773 4403 12,
1797 4331 1835 4390 77
1859 4325 2019 4401 ὀνειδίζων
2040 4326 2077 4392 δὲ

487 4449 554 4518 τοῖς
575 4451 632 4535 τῆς
652 4444 806 4515 πολιτείας
823 4443 1004 4533 μετέχουσιν
1025 4446 1073 4508 dri
1095 4445 1219 4509 πάντων
1241 4450 1303 4509 τῶν
1326 4447 1552 4532 πεπραγμένων
1582 4451 1650 4521 τοῖς
1676 4447 1851 4536 εἰρημένοις
1876 4447 2004 4533 τρόποις
2025 4445 2075 4512 ὑπ’

488 4568 565 4654 ἐμοῦ
587 4567 682 4638 αὐτὸς
702 4563 798 4636 αἴτιος
817 4566 1026 4654 γεγενημένος
1048 4565 1194 4630 τοιούτων
1215 4569 1369 4656 τυγχάνοι,
1385 4567 1439 4634 ubi
1460 4569 1664 4650 1001000οο0
1682 4570 1831 4636 omissum
1846 4573 1896 4636 esi
1909 4568 2076 4653 cogitando

489 4689 635 4774 supplere
656 4687 895 4771 hand-magnae
917 4705 1030 4772 operae
1052 4693 1103 4754 est
1123 4705 1180 4754 nee
1202 4686 1337 4754 debebat
1358 4688 1497 4756 Cobeius
1518 4690 1634 4774 Lysiae
1656 4691 1759 4754 αὐτῶν
1780 4691 1879 4757 inrito
1894 4691 2074 4760 obtrudere.

489 4810 556 4877 Hos
576 4809 662 4876 locos
683 4825 790 4875 omnes
812 4827 832 4874 a
855 4808 973 4876 Gobem
994 4809 1015 4874 l.
1037 4807 1057 4872 l.
1081 4813 1247 4891 congestos
1268 4808 1435 4892 adscripsi,
1462 4815 1499 4876 nt
1520 4809 1684 4894 intelleges
1706 4830 1800 4893 quarn
1821 4829 1886 4878 non
1908 4811 1973 4878 sint
1993 4812 2077 4878 sirni-

489 4931 537 4998 les
558 4929 598 5012 ei,
626 4946 719 5011 quem
740 4929 945 5014 Kappeynins
967 4947 1076 4996 eorum
1097 4927 1301 4995 similitudine
1328 4929 1410 4996 tueri
1438 4931 1572 4998 volebas
1618 4930 1680 4999 Sed
1708 4933 1768 5000 etsi
1794 4938 1861 4998 ires
1888 4937 2077 5014 quauuorre

490 5050 576 5122 locos
587 5049 738 5124 adtuleris
748 5050 832 5122 Pluii
844 5049 957 5126 versui,
973 5049 1097 5140 qualem
1109 5049 1266 5138 Bergkips
1277 5048 1384 5140 voluit,
1399 5051 1565 5122 similiores
1576 5089 1617 5101 —
1628 5071 1665 5124 sc
1679 5053 1825 5128 ridentur
1840 5051 1974 5126 conferri
1984 5071 2077 5143 posse
