4716 6098
1049 695 1089 761 33

975 786 1175 796 Μ

638 1022 718 1112 ἀνὴρ
741 1021 923 1112 Συβαρίτης
946 1021 1093 1096 ἐξέπεσεν
1116 1021 1155 1096 ἐξ
1175 1023 1325 1109 ἅρματος,

636 1143 687 1208 καί
708 1165 776 1215 πιυς
797 1146 965 1234 κατεάγη
988 1148 1044 1233 τῆς
1065 1145 1206 1233 κεφαλῆς
1223 1143 1306 1228 μέγα
1329 1143 1471 1232 σφόδρα·

638 1263 804 1353 ἐτύγχανεν
826 1265 887 1351 γὰρ
910 1265 946 1329 ού
970 1265 1087 1352 τρίβων
1111 1263 1155 1329 ὢν
1178 1265 1307 1354 ἱππικῆς.

637 1381 780 1450 κᾶπειτ’
805 1385 933 1455 ἐπιστὰς
954 1382 1013 1450 ελπ’
1038 1387 1117 1474 ἀνὴρ
1141 1385 1229 1472 αύτῷ
1252 1385 1357 1472 φίλος·

639 1503 727 1590 ἔρδοι
750 1529 795 1577 τις
816 1507 853 1595 ἢν
876 1506 1009 1578 ἕκαστος
1032 1507 1126 1594 εἰδείη
1151 1506 1266 1595 τέχνην.

280 1627 321 1694 ib.
348 1631 430 1693 1434
453 1643 516 1708 sq.:
840 1626 873 1692 ἐν
896 1626 1040 1714 Συβάρει
1062 1629 1140 1717 γυνη
1163 1651 1239 1692 ποτε

638 1746 767 1824 κατέαξ’
790 1746 898 1839 ἐχῖνον.
922 1748 1008 1812 Kar.
1033 1751 1123 1813 ταῦτ’
1145 1747 1207 1831 ἐγὼ
1228 1747 1437 1836 μαρτύρομαι.

644 1871 720 1937 din.
745 1871 868 1959 ούχῖνος
888 1867 943 1934 ούν
965 1867 1046 1960 ἔχων
1069 1870 1128 1933 τιν’
1152 1869 1408 1958 ἐπεμαρτύρατο·

639 1987 715 2056 εἶθ’
737 1993 757 2081 e)
780 1989 953 2078 Συβαρῖτις
973 1989 1066 2070 εἶπεν,
1096 1989 1124 2054 εί
1146 1991 1193 2054 ναί
1216 1990 1271 2054 τὰν
1294 1990 1391 2076 κύραν
1414 1993 1474 2057 κτλ.

281 2111 387 2181 Etiam
409 2113 502 2196 plura
523 2111 621 2181 verba
642 2111 732 2180 finita
754 2131 792 2180 ex
812 2113 872 2180 hoe
894 2111 1044 2179 narrandi
1067 2128 1127 2178 usu
1144 2129 1213 2179 sese
1236 2113 1378 2196 excipere
1404 2131 1497 2196 posse
1512 2113 1607 2198 Vesp.
1625 2119 1688 2181 788
1703 2133 1749 2198 sq.
1773 2115 1876 2194 uocet,

279 2233 335 2302 ubi
356 2235 436 2302 haec
457 2234 622 2318 leguntur:

846 2353 989 2444 δραχμὴν
1009 2351 1086 2440 μετ’
1110 2351 1187 2438 ἐμοῦ
1211 2351 1321 2444 πρῴην
1343 2355 1452 2439 λαβὼν

639 2472 741 2540 ἐλθὼν
763 2472 1010 2560 διεκερματίζετ’
1032 2472 1066 2537 ἐν
1089 2477 1154 2545 τοῖς
1174 2470 1302 2562 ἰχθύσιν,

638 2595 788 2661 κᾶπειτ’
811 2593 947 2684 ἐπέθηκε
969 2597 1053 2681 τρεῖς
1074 2593 1203 2667 λοπίδας
1223 2619 1278 2679 μοι
1299 2595 1472 2683 κεστρέων·

639 2715 724 2802 κάγὼ
747 2711 884 2802 ’νέκαςύ’·
907 2715 1044 2800 δβυλυδς
1064 2716 1125 2804 γὰρ
1148 2712 1257 2806 ᾠόμην
1279 2718 1406 2802 λαβεῖν·

641 2832 739 2927 κᾷτα
759 2834 947 2928 βδελυχθεὶς
968 2836 1170 2923 ὀσφρόμενος
1194 2837 1366 2912 ἐξέπτυσα·

641 2954 693 3048 κηί
698 2955 732 3023 θ’
756 2959 854 3036 εἷλκον
877 2955 979 3023 odedu.

284 3084 433 3152 conferas
457 3099 574 3167 quaeso
589 3079 646 3148 hos
661 3079 746 3148 locos
769 3097 839 3146 eum
854 3080 907 3146 illo
922 3079 1007 3146 Pluti
1020 3080 1088 3172 loeo
1104 3083 1136 3148 et
1150 3098 1272 3147 mecum
1288 3081 1439 3162 censebis,
1459 3081 1674 3167 Aristophani,
1689 3101 1750 3150 non
1767 3083 1879 3152 codici-

283 3206 346 3273 bus
365 3205 428 3270 uim
450 3203 574 3283 inferre,
598 3202 652 3285 qui
673 3220 702 3266 v.
727 3205 789 3266 205
812 3199 924 3267 deleat.

386 3325 435 3392 Ne
457 3343 485 3392 v.
509 3327 572 3389 475
595 3321 723 3407 quidem
746 3321 773 3385 ελ
800 3321 874 3392 τοὺς
901 3320 1039 3392 δικαίους
1065 3322 1128 3412 φης
1159 3322 1297 3408 ποιήσειν
1322 3321 1488 3394 πλουσίους
1515 3324 1585 3390 iure
1607 3322 1773 3392 seclusisse
1795 3323 1880 3408 Kap-

283 3446 430 3532 peynium
453 3443 530 3512 disci
552 3447 658 3529 potest
679 3461 717 3511 eu
740 3442 794 3519 ela,
816 3457 897 3523 quae
919 3419 977 3526 ego
1003 3443 1034 3508 in
1056 3441 1249 3510 Fleckeiseni
1271 3443 1436 3510 annalibus
1457 3443 1653 3527 philologieis
1672 3448 1752 3512 1867
1768 3465 1798 3528 p.
1815 3449 1877 3513 405

285 3567 430 3636 disserui.

388 3687 488 3768 Quem
510 3685 613 3754 adhue
636 3703 718 3769 quae
739 3684 858 3751 tradita
879 3688 954 3749 sunt
976 3689 1013 3750 ut
1034 3688 1236 3752 servarentur
1257 3700 1350 3765 quam
1373 3686 1506 3752 maxime
1521 3686 1649 3753 studere
1665 3686 1778 3768 vidisti,
1795 3685 1878 3754 idern

286 3827 344 3892 ego
365 3826 467 3891 neque
489 3806 598 3874 Cobeti
622 3805 750 3890 (linem.
774 3803 807 3870 II
827 3823 857 3887 p.
883 3804 958 3888 221)
982 3803 1129 3871 Meinelrii
1151 3805 1279 3888 Bergkii
1302 3806 1478 3889 Kappeyuii
1500 3826 1529 3872 v.
1556 3811 1622 3874 584

444 3938 447 3943 “
532 3924 581 3989 ἵνα
604 3924 672 3996 τοὺς
694 3920 843 4012 Ἕλληνας
866 3925 1006 3994 ἅπαντας
1031 3923 1080 3988 δεῖ
1106 3920 1147 3989 δι’
1178 3923 1267 3996 ἔτους
1294 3925 1432 4012 πέμπτου
1457 3926 1630 4013 ξυναγείρει

287 4049 427 4134 spurium
452 4063 522 4114 esse
536 4045 728 4113 censentium
744 4047 909 4112 consensui
924 4045 1084 4112 aduersari
1100 4045 1202 4114 audeo
1218 4065 1319 4131 neque
1334 4025 1477 4115 versibus
1493 4053 1553 4114 566
1572 4050 1606 4137 νη
1631 4049 1682 4112 τὸν
1705 4047 1740 4112 Δι’
1745 4044 1754 4070 ’
1780 4049 1807 4112 εἰ
1829 4048 1880 4113 δεῖ

288 4167 395 4234 λαθεῖν
417 4166 521 4244 αὐτόν,
539 4171 607 4237 πῶς
620 4165 686 4255 ούχί
701 4165 825 4251 κύσμιύν
840 4165 921 4247 dorm
943 4171 1000 4232 aul
1014 4169 1076 4232 806
1093 4163 1179 4228 otro
1193 4167 1227 4230 τὸ
1243 4167 1388 4230 πλουτεῖν
1411 4165 1494 4231 ἐστιν
1518 4167 1576 4256 ηδδ
1601 4168 1731 4254 πρᾶγμά
1753 4191 1780 4232 τι
1796 4168 1881 4252 (vide

288 4290 397 4374 suma)
426 4293 578 4374 petronus
608 4287 758 4369 existam,
788 4303 921 4371 quorum
949 4287 1030 4352 alter
1052 4306 1150 4354 nouae
1171 4286 1306 4354 fortasse
1329 4287 1509 4355 comoediae
1533 4305 1645 4354 versus
1668 4287 1880 4355 similitudinis

289 4427 384 4478 cansa
399 4411 483 4476 adv.
500 4413 562 4476 802
579 4408 625 4479 ὡς
646 4407 705 4496 ἡδύ
728 4409 873 4496 πράττειν
895 4405 1018 4494 ὦνδρές
1038 4403 1105 4471 ἐστ’
1129 4405 1323 4492 εύδαιμύνιυς
1342 4408 1520 4492 adscriptus
1547 4427 1617 4476 esse
1638 4408 1771 4490 videtur,
1793 4408 1880 4474 illum

290 4530 493 4612 Aristophani
514 4549 554 4598 ne
575 4529 603 4596 is
624 4529 751 4612 quidem
772 4528 931 4595 vindicare
953 4528 1078 4612 poterit,
1103 4529 1157 4610 qui
1179 4547 1217 4596 ex
1239 4547 1349 4600 versus
1371 4529 1539 4597 ruderibus
1561 4531 1717 4613 integrum
1739 4527 1858 4597 iecerit.

392 4650 442 4717 Ad
464 4649 598 4714 ίααιιιιιε
615 4667 793 4733 pergarnus.
831 4639 899 4729 Quo
922 4650 954 4716 in
976 4667 1091 4733 genere
1114 4649 1213 4716 multa
1228 4650 1325 4733 dubia
1339 4655 1422 4716 sunt.
1461 4649 1597 4719 Siccam
1614 4647 1771 4718 Meinelrio
1787 4645 1879 4716 Viud.

288 4789 320 4856 p.
341 4773 404 4837 als
425 4770 501 4837 mihi
523 4771 692 4838 admodum
713 4769 881 4853 verisimile
903 4776 951 4836 est
973 4773 1046 4835 ante
1061 4789 1089 4835 v.
1108 4774 1165 4835 771
1192 4771 1251 4832 rol
1273 4773 1482 4856 προσκυνῶ
1506 4791 1548 4854 γε
1571 4773 1705 4856 πρῶτα
1724 4767 1795 4854 μὲν
1818 4769 1881 4832 τὸν

288 4892 393 4980 ἥλιον
426 4891 528 4974 prima
548 4891 695 4958 intrantis
717 4890 802 4958 Pluti
824 4891 920 4958 verbo
947 4889 1155 4970 intercidisse,
1185 4890 1242 4956 sed
1271 4889 1478 4957 demonstrari
1507 4891 1557 4956 uir
1580 4908 1720 4973 unquam
1748 4889 1876 4971 poterit,

288 5012 373 5094 quod
394 5012 485 5080 nobis
507 5011 667 5096 probatur.
696 5011 841 5079 Dobrtteo
856 5027 931 5078 vero
953 5016 1068 5094 postv.
1086 5013 1148 5076 885
1172 5005 1251 5074 ἀλλ’
1275 5008 1341 5074 ούκ
1362 5008 1489 5076 ἔνεστι
1511 5009 1765 5097 συκοφιίντου
1788 5008 1882 5095 δήγ.

288 5137 534 5218 ματος·ιιοιιω
557 5148 681 5201 uersum
702 5132 835 5216 periisse
857 5129 1053 5212 conicientis,
1082 5148 1144 5215 quo
1164 5129 1281 5197 addito
1307 5130 1358 5198 hio
1379 5149 1489 5198 versus
1517 5127 1694 5199 criticorum
1716 5127 1881 5196 conatibus

1725 5241 1742 5296 5
