4716 6098
1053 714 1090 778 11

283 909 349 978 ἀλλ’
379 911 427 978 οὔ
455 937 490 979 τι
513 913 667 1004 χαίρων
696 911 761 980 οὔτ’
787 913 887 1002 ἐρεῖς,
912 913 1006 998 Soph.
1031 915 1069 982 O.
1092 916 1126 982 T.
1151 920 1212 984 363
1236 914 1307 981 ἀλλ’
1334 913 1382 980 οὔ
1402 939 1435 982 τι
1453 916 1574 1007 χαίρων
1597 916 1647 989 δίς
1668 942 1705 1002 γε
1729 922 1875 1009 πημονὰς

279 1033 374 1121 ἐρεῖς.
418 1035 550 1103 Poterat
571 1035 665 1103 etium
689 1035 783 1119 Soph.
798 1034 878 1101 Phil.
905 1039 986 1102 1299
1010 1031 1074 1100 ἀλλ’
1101 1033 1146 1101 οὔ
1166 1060 1198 1101 τι
1214 1035 1384 1127 χαίρων,
1407 1036 1444 1126 ἢν
1468 1033 1535 1103 τίδ’
1559 1035 1699 1128 ὀρθωθῇ
1719 1039 1818 1123 βέλος
1839 1047 1872 1108 oi

279 1155 387 1237 Eurip.
413 1152 465 1222 Or.
492 1160 573 1224 1593
597 1154 670 1220 ἀλλ’
693 1151 737 1218 οὔ
758 1177 789 1220 τι
807 1154 958 1245 χαίρων
980 1154 1019 1244 ἢν
1040 1179 1077 1239 γε
1096 1157 1141 1246 μὴ
1165 1157 1261 1244 φύγης
1284 1161 1418 1244 πτεροῖς.
1443 1157 1563 1238 Quibus
1577 1159 1654 1225 iocis
1670 1179 1708 1226 ex
1724 1160 1872 1228 Meinekii

279 1275 459 1344 subiectura
474 1275 579 1360 (Vind.
593 1295 624 1360 p.
637 1275 692 1358 42)
714 1275 862 1342 adderem
877 1277 950 1344 Pac.
968 1281 1029 1344 316
1052 1273 1099 1341 οὔ
1119 1301 1151 1341 τι
1167 1276 1321 1366 χοίρων
1345 1275 1426 1342 ἔστιν
1448 1274 1545 1368 αὐτὴν
1566 1279 1653 1351 ὅστις
1673 1278 1874 1368 ἐξαιρήσεται

279 1415 338 1480 pro
362 1393 402 1460 od
422 1420 449 1462 τι
470 1397 518 1460 ani
540 1399 603 1474 νῦν,
626 1397 686 1464 nisi
708 1395 875 1479 impedirer
897 1397 1101 1486 similitudine
1121 1399 1189 1466 eius
1211 1399 1286 1479 loci,
1315 1417 1408 1480 onem
1429 1400 1592 1468 Dobraens
1613 1401 1693 1467 adr.
1710 1401 1744 1468 11
1764 1420 1794 1485 p.
1812 1405 1873 1468 207

280 1516 414 1585 conferri
435 1517 528 1584 iussit
555 1517 665 1600 Eurip.
688 1517 845 1586 Heracliti.
876 1521 947 1584 976.
972 1523 991 1581 7
1020 1521 1128 1584 τοῦτον
1150 1518 1194 1600 δ’,
1224 1518 1351 1606 ἐπείπερ
1373 1521 1489 1610 χεῖρας
1516 1517 1613 1610 ἦλθεν
1641 1521 1687 1592 είς
1708 1520 1795 1607 ἐμάς,
1819 1520 1875 1586 οὐκ

279 1635 344 1702 ἔστι
366 1635 489 1726 θνητῶν
510 1639 596 1710 ίστις
618 1638 827 1727 ἐξαιρήσεται,
849 1639 899 1707 dui
921 1637 1070 1706 simillimi
1092 1645 1167 1707 sunt
1192 1639 1307 1708 Alcaei.
1332 1645 1394 1706 848
1417 1645 1451 1707 et
1472 1640 1554 1708 Mad.
1587 1647 1664 1718 7933
1694 1659 1872 1726 quanquam

280 1759 327 1822 καὶ
350 1760 403 1822 νῦν
425 1765 608 1843 corruptum
631 1778 701 1827 esse
723 1779 786 1827 non
808 1779 898 1843 nego.

384 1877 462 1946 Cum
489 1881 549 1948 hon
578 1897 639 1947 usu
666 1899 741 1950 vero
769 1880 1048 1965 incomparandae
1070 1898 1141 1948 esse
1163 1880 1302 1962 videtur,
1333 1899 1395 1970 qun
1417 1881 1450 1948 in
1472 1879 1678 1952 adfirmativis
1701 1885 1872 1952 enuntiatis

278 1999 403 2091 χαίρειν
425 2005 457 2067 et
489 2001 594 2066 λυπεῖν
617 2002 721 2070 verbis
754 1999 949 2068 indefinitum
972 2001 1108 2068 sdicitur
1129 2001 1167 2070 cf.
1190 2002 1273 2068 Plus
1298 2005 1335 2068 61
1358 2001 1429 2065 ἀλλ’
1458 1999 1495 2066 εί
1513 2025 1545 2066 τι
1568 2001 1731 2093 χαίρεις
1752 2003 1869 2092 ἀνδρὸς

280 2121 411 2210 εὐόρκου
435 2121 570 2209 τρόποις,
592 2123 635 2190 ib.
659 2125 700 2188 22
724 2120 762 2214 ην
784 2122 914 2212 λυπῇς
935 2120 977 2186 τί
993 2142 1051 2205 με,
1074 2122 1117 2188 11).
1136 2126 1196 2188 142
1219 2120 1302 2186 ὥστε
1325 2122 1379 2186 τοῦ
1395 2120 1467 2191 Διὸς
1481 2121 1535 2210 την
1551 2120 1690 2208 δύναμιν,
1706 2122 1743 2212 ἢν
1766 2121 1872 2213 λυπῇ

280 2265 330 2320 τι,
354 2241 536 2312 καταλύσεις
553 2241 662 2328 μόνος,
685 2243 742 2310 Av.
768 2247 849 2310 1253
872 2242 910 2308 σὺ
934 2240 967 2305 d'
991 2239 1023 2306 εἴ
1035 2264 1078 2327 με
1099 2242 1291 2331 λυπήσεις
1312 2263 1358 2317 τι,
1382 2244 1439 2330 τῆς
1460 2240 1604 2306 διακόνου
1627 2242 1789 2328 xr1.‚Lys.
1808 2249 1870 2312 656
1969 2259 1974 2268 '

280 2363 307 2428 ελ
329 2362 365 2428 δὲ
386 2362 578 2452 λυπήσεις
599 2362 709 2448 τίμε.
833 2397 840 2412 ·

382 2485 471 2564 Quae
493 2484 598 2551 omnia
624 2483 652 2549 si
674 2482 778 2550 animo
807 2483 1022 2568 perpenderis,
1052 2500 1115 2550 non
1137 2483 1255 2568 poteris
1278 2481 1416 2566 Bergida
1447 2483 1629 2564 concedere,
1653 2487 1690 2552 ut
1711 2502 1739 2551 r.
1764 2488 1804 2550 26
1826 2483 1875 2550 οὔ

280 2630 311 2670 τι
333 2605 445 2694 κρύψω
466 2603 600 2689 legatur.
645 2604 757 2688 Neque
778 2604 810 2670 id
831 2603 930 2672 voluit
952 2604 1165 2689 Kappeyniua
1189 2603 1243 2686 qui
1265 2607 1371 2671 umen
1393 2605 1591 2672 Ravennatis
1613 2605 1720 2673 vanae
1742 2605 1871 2673 lectioni

278 2727 396 2812 aliquid
430 2725 631 2795 tribuendum
667 2743 736 2792 esse
767 2729 857 2791 ratus
891 2725 1065 2793 coniunctis
1098 2725 1192 2792 huius
1222 2743 1259 2792 ao
1288 2729 1463 2792 ceterorum
1497 2725 1650 2794 librorum
1684 2726 1873 2796 lectionibus

279 2847 320 2912 ου’
330 2847 408 2912 atra
431 2846 481 2915 vel
495 2845 538 2912 οὐ
562 2846 655 2930 σέγε
670 2844 869 2914 scribendum
883 2847 1057 2928 proposuit,
1074 2863 1209 2930 quarum
1227 2847 1397 2915 lectionum
1409 2847 1541 2914 alteram
1556 2866 1615 2930 ego
1628 2848 1661 2914 in
1675 2847 1872 2916 Fleckeiseni

282 2968 449 3037 annalibus
474 2971 556 3034 1868
578 2988 608 3051 p.
632 2971 695 3034 426
718 2985 763 3050 sq.
787 2965 971 3049 improbavi,
993 2966 1131 3049 priorem
1152 2968 1285 3034 eandem
1307 2985 1408 3035 meam
1430 2966 1528 3035 luisse
1548 2967 1692 3048 indicavi,
1718 2987 1872 3038 commen·

279 3091 387 3158 datam
414 3087 501 3156 illam
531 3087 735 3156 similitudine
766 3105 876 3154 verens
906 3087 1047 3154 eiusdem
1075 3085 1202 3155 fabulae
1230 3091 1293 3154 284
1316 3083 1385 3151 ἀλλ’
1417 3085 1523 3152 οὐκέτ’
1545 3085 1583 3151 ἄν
1605 3087 1763 3176 κρύψαιμι.
1810 3089 1873 3158 Sed

277 3229 361 3278 nuno
382 3209 458 3276 mihi
479 3209 546 3278 veri
567 3209 701 3276 similius
723 3227 793 3277 esse
814 3208 947 3290 videtur,
971 3207 1004 3275 in
1026 3227 1088 3276 uno
1112 3210 1296 3276 Rauennate
1319 3213 1459 3276 erratum
1482 3225 1552 3276 esse
1574 3213 1607 3276 el
1629 3209 1871 3294 Aristophanem

276 3351 313 3398 re
334 3349 409 3398 vern
431 3329 501 3394 ἀλλ’
519 3327 564 3394 οὔ
583 3352 622 3394 σε
644 3329 754 3417 κρύψω
777 3330 959 3414 scripsisse5
982 3332 1014 3397 in
1035 3348 1100 3412 qua
1121 3330 1254 3399 lectione
1270 3353 1307 3395 σε
1322 3349 1493 3414 pronomen
1508 3334 1676 3414 propterea
1690 3331 1782 3400 valde
1796 3333 1873 3398 milri

278 3453 390 3538 placet,
413 3451 497 3534 quod
520 3469 602 3536 quae
624 3457 774 3520 secuntur
796 3450 838 3518 ad
859 3450 991 3520 alteram
1012 3467 1180 3533 personam
1202 3453 1363 3536 pertinent
1383 3451 1478 3534 inque
1501 3469 1539 3520 eo
1561 3458 1738 3532 versantur,
1761 3458 1799 3519 ut
1820 3453 1872 3520 de-

277 3577 462 3655 monstrent,
486 3591 543 3641 cur
565 3573 619 3657 qui
640 3572 818 3656 adpellitur
841 3571 934 3640 Cano
955 3572 1154 3658 potissimum
1175 3571 1237 3640 fide
1259 3571 1377 3656 dignus
1400 3571 1450 3638 sit.

381 3693 546 3763 contrario
565 3694 641 3762 vilio
664 3695 831 3762 Ravennae
853 3694 997 3762 laborare
1024 3693 1150 3762 uidetur
1177 3712 1206 3760 v.
1232 3696 1313 3759 1042
1344 3692 1410 3757 ΝΕ.
1441 3691 1669 3776 ἀσπάζομαι
1696 3691 1796 3758 ΧΡΕ.
1827 3692 1871 3757 σέ

278 3839 406 3906 φησιν.
452 3815 518 3880 ΝΕ.
542 3814 686 3908 ἀρχαία
709 3814 815 3902 φίλη,
837 3813 892 3881 nbi
914 3813 1070 3898 Bergkins
1093 3819 1126 3880 et
1148 3813 1324 3881 bleinekiue
1346 3833 1385 3880 ex
1399 3813 1583 3881 Rauennate
1605 3812 1644 3878 σέ
1668 3835 1764 3904 φησιν
1786 3831 1869 3882 rece

276 3941 392 4022 petunt
421 3942 518 4021 atque
546 3936 714 4020 dhremylo
742 3936 937 4015 tribuerunt,
966 3935 1063 4002 ceteri
1091 3934 1213 4002 codices
1242 3939 1275 4002 el
1302 3934 1439 4002 editores
1468 3934 1503 3999 τί
1523 3957 1657 4024 pauca
1686 3935 1761 4001 anui
1783 3935 1868 4002 dant.

275 4061 446 4128 Praeterea
476 4058 561 4142 quod
594 4057 774 4142 ἀσπάζομαι
801 4057 978 4125 accusativo
1010 4073 1118 4124 carere
1140 4055 1191 4123 vix
1212 4060 1329 4138 posset,
1351 4054 1527 4123 Meinekius
1549 4056 1641 4156 Vind.
1666 4075 1697 4139 p.
1722 4060 1782 4122 221
1806 4053 1868 4123 lor-

280 4187 364 4248 lasse
386 4178 504 4270 ἀρχαί
509 4201 552 4244 αν
576 4177 687 4268 φίλην
710 4179 910 4256 scribendum
933 4195 1002 4246 esse
1029 4179 1176 4259 coniecit,
1200 4183 1234 4245 et
1254 4177 1464 4246 adolescentis
1487 4176 1708 4244 sdnmdonem
1730 4177 1770 4244 ab
1793 4176 1869 4244 ado

276 4303 413 4370 lescente
442 4301 629 4386 interrumpi
656 4300 740 4368 iecit.
784 4299 875 4379 Quod
902 4299 942 4366 de
970 4299 1150 4367 accusativo
1178 4298 1356 4384 ἀσπάζομαι
1378 4297 1474 4366 verbo
1500 4295 1645 4364 addendo
1674 4297 1767 4364 bomo
1797 4297 1868 4365 doc·

275 4423 420 4492 tissimus
449 4423 536 4504 dixit,
570 4422 603 4489 id
632 4422 756 4491 videtur
782 4439 892 4488 uerum
914 4437 983 4488 esse
1005 4425 1038 4488 et
1058 4424 1207 4505 poterant
1229 4437 1301 4486 cum
1323 4419 1440 4504 optimo
1462 4415 1568 4486 iruelu
1597 4417 1713 4486 similes
1747 4418 1780 4486 bi
1807 4417 1868 4487 looi

276 4544 425 4614 aniani:

632 4663 715 4732 Nub.
740 4663 821 4729 1145
845 4659 1045 4751 Στρεψιάδην
1068 4661 1300 4747 ἀσπάζομαι

633 4787 690 4854 Av.
716 4789 797 4851 1377
821 4781 1119 4869 ἀσπαζόμεσθα
1141 4781 1300 4871 φιλύρινον
1321 4779 1467 4872 Κινησίαν

634 4878 720 4974 Alei.
743 4906 829 4975 Com.
854 4905 958 4991 1111).
982 4911 1045 4974 460
1067 4905 1298 4992 ἀσπάζομαι
1320 4907 1418 4992 γραῦν
1441 4903 1567 4991 σφίγγα,

276 5049 315 5098 ex
336 5028 451 5116 quibus
474 5029 507 5097 id
529 5030 731 5114 intellegitur,
753 5029 849 5096 buius
871 5019 1031 5096 salutandi
1052 5026 1207 5096 formulae
1220 5027 1287 5094 -hoe
1308 5025 1405 5094 luisse
1426 5025 1601 5110 proprium,
1617 5031 1654 5094 nl
1667 5043 1802 5110 persona
1815 5043 1865 5092 sn·

277 5152 411 5220 lumnda
430 5169 494 5220 non
517 5151 738 5237 soporaretur,
761 5151 817 5219 sed
840 5149 998 5220 salutandi
1025 5151 1121 5219 verbo
1147 5149 1304 5218 obiectum
1331 5147 1520 5216 subderetur
1546 5165 1659 5216 nomen
1676 5147 1736 5304 2uel
1757 5133 1864 5228 aliqua
