4716 6098
1049 712 1089 778 1³

275 921 314 984 ut
336 918 459 984 Thesm.
484 921 556 996 160,
580 922 690 1000 aperta
711 915 899 982 necessitate
922 922 1064 985 coactum
1087 936 1106 982 a
1128 917 1219 984 solito
1242 915 1351 982 ordine
1373 914 1565 981 discessisse
1575 932 1665 996 nego.
1701 913 1764 980 Sed
1779 931 1864 982 acce-

275 1039 331 1119 dit,
354 1037 439 1120 quod
460 1055 523 1104 non
545 1036 702 1119 intellego,
724 1038 779 1118 qui
801 1036 840 1104 de
861 1038 976 1121 plurali
998 1039 1035 1102 τὰ
1055 1037 1187 1124 μέτωπα
1203 1036 1379 1103 lloinekius
1402 1034 1544 1102 conterre
1559 1036 1700 1119 potuerit
1714 1035 1788 1118 Lys.
1801 1039 1864 1102 010

274 1159 491 1241 0111111643.
536 1157 644 1224 Altero
666 1157 734 1225 loco
757 1163 865 1242 aperte
887 1159 919 1224 11
941 1159 1081 1224 numeris
1103 1162 1240 1225 erratum
1265 1161 1314 1224 est
1335 1173 1372 1221 ac
1396 1153 1609 1223 coniciendum
1632 1154 1787 1237 cogitasse
1809 1154 1863 1221 ho-

279 1282 393 1348 minem
416 1279 629 1346 doctissimum
651 1278 691 1344 de
713 1279 794 1361 Equ.
819 1283 877 1345 631
904 1277 1044 1364 κᾶβλεψε
1073 1282 1151 1342 νᾶπυ
1180 1279 1228 1342 κοιλ
1256 1275 1293 1344 τὰ
1318 1271 1441 1362 μέτωπ’
1470 1274 1645 1339 ἀνέσπασεν
1674 1276 1808 1341 101646
1837 1275 1866 1338 o'l

278 1399 309 1466 δ’
333 1399 455 1472 edullo<
477 1399 515 1464 τὰ
537 1398 693 1486 πρόσωπα
715 1399 941 1488 διεγαλήνισεν,
965 1417 1027 1482 quo
1049 1403 1186 1479 utroque
1207 1398 1275 1463 loco
1298 1396 1337 1464 de
1357 1396 1497 1462 omnium
1512 1399 1693 1462 senatorum
1709 1392 1865 1462 frontibus

274 1523 325 1590 vel
349 1523 455 1589 oribus
477 1526 641 1603 narratur,
670 1521 717 1587 ita
737 1526 775 1586 ut
801 1520 932 1604 pluralis
961 1537 1110 1586 numerus
1138 1537 1238 1601 paene
1265 1517 1463 1584 necessarius
1492 1516 1542 1582 sit
1594 1515 1703 1583 Priore
1730 1515 1799 1582 loco
1828 1515 1866 1580 τὰ

278 1643 433 1732 πρόσωπα
447 1643 629 1740 Hermanno
652 1641 795 1723 debetur,
816 1641 938 1708 codices
963 1640 1110 1708 exhibent
1132 1640 1166 1703 τὸ
1189 1638 1369 1725 πρόσωπον.
1416 1636 1477 1704 Sed
1501 1636 1551 1703 iac
1571 1637 1656 1704 bunc
1675 1636 1778 1702 locum
1793 1653 1867 1736 vere

277 1763 476 1834 emendatum
498 1781 583 1844 esse,
614 1781 654 1830 ue
676 1763 703 1829 is
726 1763 853 1846 quidem
875 1761 1046 1845 quidquam
1075 1760 1197 1843 probat.
1249 1759 1322 1826 Oris
1352 1756 1494 1840 singulae
1521 1762 1630 1840 partes
1658 1762 1743 1824 recte
1771 1757 1865 1841 sigui·

277 1885 413 1956 ficantur
434 1883 549 1968 plurali
570 1902 700 1950 numero
725 1881 879 1969 πρόσωπα
902 1881 1044 1948 vocabuli
1067 1899 1103 1946 ac
1126 1880 1228 1946 solent
1249 1883 1362 1962 poetae
1384 1879 1538 1960 pluralem
1560 1878 1592 1944 in
1613 1877 1673 1944 hac
1687 1897 1764 1946 voce
1776 1896 1865 1960 prae·

281 2004 794 2089 1010011311111ς1111010110
816 2009 865 2070 001
887 2009 981 2086 atque
1004 2020 1114 2084 expers
1136 2001 1283 2084 partium,
1306 2001 1415 2081 itaque
1437 2001 1470 2063 τὸ
1484 1998 1640 2084 μέτωπον,
1664 1999 1690 2065 01
1707 1999 1746 2066 de
1761 2000 1866 2083 singu-

276 2131 314 2195 lis
337 2127 515 2194 hominibus
537 2127 662 2203 dicitur,
684 2125 838 2209 pluralem
860 2143 1009 2207 respuere
1031 2124 1165 2191 videtur.
1211 2122 1298 2201 Quae
1321 2122 1424 2188 omnia
1447 2139 1516 2189 cum
1535 2121 1581 2193 ita
1601 2119 1674 2201 sint,
1696 2119 1755 2187 hoc
1769 2139 1866 2187 unum

276 2248 448 2332 dactylicus
470 2246 555 2314 vocis
578 2246 609 2311 in
633 2247 736 2313 thesin
758 2247 903 2326 quintam
926 2244 1060 2312 trimetri
1083 2243 1207 2310 iambici
1229 2243 1373 2310 exeuntis
1396 2243 1571 2324 exemplum
1586 2240 1782 2308 tolerandum
1798 2259 1867 2308 0000

280 2389 317 2438 ac
339 2372 509 2452 propterea
530 2367 660 2434 tolerari
681 2385 775 2450 posse
796 2366 872 2431 mihi
894 2365 1033 2447 videtur,
1062 2365 1146 2448 quod
1168 2365 1296 2432 ultimae
1319 2383 1410 2431 voces
1432 2364 1607 2431 arctissime
1629 2363 1712 2429 inter
1734 2381 1768 2428 00
1796 2381 1867 2429 con·

277 2491 404 2557 iunctae
426 2505 489 2554 uuo
512 2491 620 2553 tenore
642 2487 890 2570 pronuntiandae
913 2492 996 2552 sunt.
1035 2485 1096 2552 Sed
1112 2492 1148 2552 ut
1168 2485 1209 2551 ad
1232 2505 1260 2551 v.
1280 2490 1360 2552 1033
1383 2503 1453 2552 sero
1475 2485 1650 2566 redeamus,
1674 2503 1732 2566 ogo
1748 2483 1867 2565 dubito,

276 2628 356 2677 num
379 2632 416 2674 σε
438 2628 477 2676 ex
498 2607 681 2676 Ravennate
703 2608 777 2674 addi
798 2625 877 2690 opus
899 2608 949 2674 sit.
996 2605 1180 2690 Chremylus
1203 2606 1285 2673 euim
1307 2606 1403 2673 verba
1426 2625 1484 2674 sue
1510 2605 1685 2673 arctissime
1710 2602 1869 2688 adplicare

278 2732 359 2800 solet
380 2729 421 2797 ad
443 2748 494 2811 ea,
523 2747 603 2812 quae
626 2745 706 2794 anus
728 2728 806 2794 dicit
834 2727 871 2794 cl.
898 2731 990 2794 1000.
1016 2731 1106 2793 1009.
1134 2731 1224 2792 1011.
1252 2731 1342 2811 1019.
1368 2731 1464 2806 1001,
1491 2727 1574 2810 quod
1596 2726 1692 2792 etiam
1712 2724 1772 2791 boc
1799 2725 1868 2791 loco

276 2853 364 2935 lacit,
387 2852 415 2918 si
437 2870 476 2918 ex
497 2851 639 2934 proximo
660 2867 755 2916 versu
778 2844 845 2912 ἀλλ’
869 2846 1020 2912 οὐδέποτέ
1040 2869 1082 2932 με
1106 2848 1210 2923 ζῶσαν
1232 2848 1409 2934 ἀπολείψειν
1431 2845 1492 2936 ἔφη
1516 2865 1687 2930 pronomen
1703 2844 1867 2930 cogitando

280 2973 487 3058 supplendum
509 2970 667 3053 relinquit.
1227 3043 1230 3050 ,

377 3095 445 3160 111
468 3111 506 3160 ex
528 3092 636 3160 ordine
658 3109 807 3159 versuum
830 3091 938 3175 optimi
961 3091 1033 3158 libri
1056 3091 1205 3159 lectiones
1225 3093 1378 3174 quasdam
1394 3093 1426 3160 iu
1442 3111 1571 3161 censum
1588 3093 1778 3174 vocabimus,
1801 3091 1869 3175 qui-

280 3218 340 3284 bus
361 3214 503 3283 homines
526 3213 609 3280 docti
632 3214 677 3280 ita
699 3215 749 3280 usi
772 3220 860 3292 sunt,
889 3219 926 3280 ut
948 3232 1001 3280 aas
1024 3213 1184 3282 codicibus
1207 3215 1352 3282 omnibus
1375 3233 1415 3282 ne
1441 3215 1510 3297 ipso
1538 3214 1664 3298 quidem
1687 3215 1870 3282 Rauennate

279 3343 408 3421 excepto
430 3335 537 3402 invitis
560 3335 746 3418 acciperent.
791 3335 936 3434 Id'quod
958 3333 1077 3402 lactum
1099 3339 1148 3402 est
1169 3354 1197 3400 v.
1223 3340 1278 3402 22:

577 3456 623 3542 ρὰ
644 3452 694 3520 Δί’
719 3453 783 3520 ἀλλ’
809 3457 935 3542 ἀφελὼν
958 3457 1011 3520 τὸν
1034 3455 1205 3544 στέφανον,
1228 3455 1265 3545 ἢν
1286 3457 1387 3546 λυπῇς
1409 3456 1438 3522 τί
1451 3479 1494 3543 με
1517 3455 1577 3522 κτλ.

282 3573 586 3648 laboraveram
609 3579 813 3661 Kappeynius
836 3598 896 3646 van
917 3579 956 3646 dc
979 3578 1128 3662 Coppello
1150 3579 1326 3646 adnotavit:
1354 3577 1505 3665 »ἀφελὼν
1529 3580 1580 3645 τὸν
1602 3578 1767 3666 στέφανον.
1812 3579 1870 3645 Mi-

280 3721 336 3769 ror
352 3698 523 3784 Bergkium
545 3717 603 3782 per
625 3705 690 3764 tres
713 3717 788 3764 suas
810 3698 961 3766 editiones
984 3699 1148 3767 lectionem
1170 3700 1315 3766 vitiosam
1337 3699 1494 3787 ἀφελών
1515 3723 1559 3784 γε
1581 3699 1777 3788 στέφανον
1800 3718 1870 3768 001·

282 3824 453 3890 1111110001
500 3822 563 3888 Res
585 3819 662 3886 haec
685 3826 742 3886 est.
788 3819 825 3886 ln
847 3821 992 3887 omnibus
1016 3821 1176 3889 codicibus
1191 3822 1324 3905 legitur:
1345 3823 1391 3907 μὰ
1413 3818 1465 3886 Δί’
1490 3819 1555 3887 ἀλλ’
1580 3821 1707 3908 ἀφελὼν
1730 3822 1783 3885 τὸν
1805 3821 1871 3886 ort·

280 3965 396 4029 φονον,
423 3941 456 4007 11
479 3959 542 4007 uno
564 3940 812 4025 Βο10111ῐθρὰ
833 3937 884 4004 Δί’
909 3937 975 4005 ἀλλ’
1000 3940 1128 4028 ἀφελών
1151 3965 1187 4026 γε
1210 3943 1263 4006 τὸν
1291 3941 1456 4029 στέφανον.
1501 3943 1635 4012 Videtur
1664 3941 1763 4025 igilur
1794 3943 1868 4010 arii·

281 4064 370 4132 oulus
393 4062 472 4128 satis
495 4059 673 4130 confirmari
696 4061 834 4128 omnium
856 4035 997 4130 codicum
1021 4081 1193 4145 consensu,
1220 4087 1256 4148 γε
1279 4063 1371 4130 11110
1394 4069 1517 4130 tantum
1545 4065 1687 4147 quamvis
1715 4063 1807 4144 boui,
1837 4067 1871 4130 at

285 4203 379 4270 saepe
401 4183 503 4250 vitiosi
527 4183 715 4250 auctoritate
738 4201 850 4266 parum
873 4182 1007 4251 delendi.
1033 4184 1260 4252 ι8011111101
1289 4189 1372 4267 erat,
1403 4185 1487 4267 quod
1509 4184 1646 4268 Bergkio
1673 4185 1707 4251 iu
1734 4190 1871 4252 mentem

283 4307 386 4386 vonit,
416 4305 473 4373 sed
495 4309 712 4386 experrectum
735 4309 784 4371 est
804 4304 938 4372 hominis
967 4306 1162 4414 sagacissimi
1192 4306 1379 4374 emendandi
1402 4307 1557 4389 studium,
1587 4326 1624 4373 ex
1647 4324 1709 4390 quo
1732 4311 1802 4372 orta
1823 4310 1872 4373 est

282 4427 388 4494 infelix
410 4426 464 4494 illa
487 4426 683 4507 coniectura,
713 4443 794 4506 quas
816 4427 884 4492 iure
914 4427 1029 4494 mirum
1058 4428 1169 4497 habuit
1190 4429 1418 4513 Kappeynium.
1471 4427 1552 4494 Nam
1580 4447 1642 4495 non
1670 4427 1772 4494 solum
1800 4445 1872 4494 curn

285 4568 355 4616 0111
378 4565 523 4615 coronam
547 4545 731 4629 Chremylus
753 4546 936 4614 sublaturus
959 4548 1009 4630 sit,
1033 4567 1126 4633 quam
1149 4568 1184 4616 se
1204 4550 1321 4618 babere
1338 4549 1430 4616 Cario
1453 4550 1545 4618 modo
1568 4550 1698 4631 dixerat,
1720 4547 1871 4616 articulus

289 4669 447 4757 στέφανον
469 4667 620 4736 vocabulo
642 4685 704 4735 non
727 4666 821 4735 debet
842 4668 953 4751 adimi,
982 4671 1037 4738 sed
1065 4671 1160 4738 etiam
1188 4695 1224 4755 γε
1253 4676 1326 4755 post
1351 4670 1397 4757 ρὰ
1419 4667 1463 4735 d?
1493 4667 1560 4734 ἀλλ’
1588 4689 1700 4754 parum
1728 4669 1872 4738 convenit

284 4789 502 4875 Aristophanis
526 4789 648 4857 dicendi
670 4789 751 4869 usui,
774 4789 828 4870 qui
845 4795 917 4870 post
938 4789 978 4854 od
998 4792 1049 4876 ρὰ
1064 4788 1113 4854 Δί’
1138 4787 1214 4856 ἀλλ’
1238 4792 1287 4858 vel
1300 4791 1350 4877 ρὰ
1372 4790 1425 4854 Δί’
1442 4787 1519 4854 ἀλλ’
1535 4790 1652 4856 raroin
1666 4791 1758 4871 pleno
1774 4807 1869 4858 0111-

287 4914 370 4981 111110
393 4935 434 4997 γε
455 4912 641 4997 particulam
664 4912 806 4978 conlocat
828 4917 864 4978 ut
885 4911 956 4979 Pac.
983 4917 1074 4978 1046.
1100 4918 1117 4977 1
1148 4911 1189 4977 οὐ
1210 4911 1262 4996 ρὰ
1284 4908 1333 4975 Δί’
1357 4908 1431 4976 ἀλλ’
1451 4907 1620 4998 Ἱεροκλέης
1641 4907 1729 4981 οὗτος
1755 4909 1790 4994 γε’
1813 4907 1870 4974 πού

285 5030 349 5100 ’orl’
373 5035 390 5099 d
407 5031 629 5124 χρησμολόγος
649 5031 709 5106 οὑξ
724 5029 832 5120 Ὠρεοῦ
855 5037 889 5100 01
904 5032 998 5116 Vesp.
1022 5037 1085 5099 680
1103 5034 1154 5120 ρὰ
1177 5032 1228 5097 Δί’
1252 5033 1343 5096 ἀλλὰ
1366 5027 1443 5119 παρ’
1462 5031 1636 5122 Εὐχαρίδου
1660 5029 1771 5101 καύτὸς
1785 5033 1871 5115 τρεῖς

283 5154 315 5240 γ’
339 5154 470 5240 dritta<
488 5153 691 5242 μετέπεμψα,
721 5155 775 5223 ubi
798 5172 872 5220 vero
894 5153 948 5235 qui
971 5153 1141 5236 respondet
1170 5159 1295 5222 servata
1325 5153 1391 5222 eius
1420 5153 1575 5221 enuntiati
1604 5157 1778 5234 structura,
1807 5169 1870 5234 quo
