4716 6098
1065 764 1106 826 25

290 971 324 1032 et
345 983 439 1049 quem
461 965 506 1032 illi
526 985 638 1050 parem
662 981 731 1032 esse
753 963 836 1031 idem
859 963 1029 1032 scholiasta
1051 966 1134 1034 inira
1155 971 1262 1034 monet
1283 985 1311 1032 v.
1337 971 1415 1032 309:

591 1084 702 1149 οὐκοῦν
723 1107 761 1148 σε
784 1085 838 1174 τὴν
860 1082 975 1174 Κίρκην
997 1109 1034 1169 γε
1057 1090 1112 1178 τὴν
1134 1089 1172 1153 τὰ
1194 1086 1339 1174 φάρμακ’
1363 1086 1575 1152 ἀνακυκῶσαν.

289 1207 360 1274 Hoc
392 1206 557 1274 dissidium
586 1225 648 1272 nan
678 1205 760 1288 tagit
787 1206 1076 1292 Hemsterhusiuru,
1110 1210 1164 1291 qui
1195 1209 1274 1276 haec
1303 1207 1449 1274 adnotat:
1487 1208 1574 1274 »iure
1600 1207 1758 1274 Kustaras
1793 1207 1884 1274 scho-

291 1327 407 1394 liasten
430 1327 644 1411 reprehendit,
676 1329 729 1412 qui
752 1330 888 1412 primurn
911 1349 1035 1397 versum
1059 1347 1129 1396 ease
1151 1329 1267 1395 dixerit
1292 1329 1504 1414 τετράμετρον
1527 1326 1752 1415 ἀκατάληκτσν,
1779 1327 1882 1410 qualis

295 1453 345 1514 est
368 1447 474 1514 Alcaei
495 1446 637 1530 prolatus
660 1449 756 1516 etiarn
779 1451 818 1516 ab
841 1449 1074 1534 Hephaestione
1097 1451 1227 1533 eiusque
1242 1450 1435 1516 Enarratore
1457 1469 1486 1533 p.
1506 1453 1555 1514 16.
1579 1453 1620 1514 86
1644 1446 1719 1532 (rid.
1736 1447 1884 1514 Gaisiard

289 1567 374 1651 Lips.
397 1586 427 1649 p.
446 1573 495 1633 32.
513 1568 687 1652 Westphal.
711 1569 818 1651 script.
836 1576 926 1636 metr.
949 1589 996 1654 gr.
1020 1570 1036 1635 Ι
1057 1589 1087 1651 p.
1107 1570 1170 1652 la),
1194 1589 1265 1636 cum
1289 1571 1357 1636 sine
1379 1569 1475 1636 dubio
1498 1569 1540 1635 sit
1562 1567 1773 1655 τετράμετρα
1787 1590 1878 1633 κατα-

290 1687 442 1776 laurada
466 1689 520 1772 qui
542 1689 663 1755 intem
685 1689 886 1757 manifestum
908 1709 1046 1758 errorem
1069 1690 1132 1757 labi
1152 1691 1302 1772 patuerit,
1324 1690 1433 1773 miror,
1457 1690 1524 1756 nisi
1541 1689 1689 1756 credibile
1703 1694 1796 1772 putes
1811 1706 1883 1754 eum

288 1807 453 1891 reperisse,
467 1805 548 1892 'aaa
572 1807 609 1874 ἀὲ
631 1811 686 1898 τὴν
708 1809 823 1897 Ιίίρκρν
844 1833 879 1892 γε
903 1812 957 1898 τὴν
980 1810 1017 1875 τὰ
1048 1806 1189 1895 φάρμακ’
1218 1810 1423 1874 ἀνακυκῶσαν
1450 1808 1518 1873 ἄνα
1565 1810 1706 1892 Adparet
1726 1808 1883 1875 hominem

289 1927 503 1995 doctissimum
524 1929 605 1996 hanc
628 1929 793 1998 lectionem
814 1948 920 1996 reram
944 1949 1023 2011 esse,
1042 1931 1111 1997 iure
1132 1949 1193 1996 non
1217 1929 1385 1997 censuisse.
1423 1929 1505 1996 Nam
1527 1947 1589 1997 non
1612 1927 1714 1995 solum
1736 1927 1783 2010 ἄν,
1799 1928 1882 2011 quod

288 2047 426 2128 additur,
448 2049 533 2116 amni
556 2051 587 2116 vi
609 2056 697 2117 emet
719 2057 752 2118 et
772 2067 854 2132 quae
876 2069 960 2118 nnnc
980 2053 1131 2134 leguntur
1153 2051 1321 2118 sanitatem
1350 2049 1497 2133 produnt,
1520 2067 1630 2116 rerum
1652 2050 1747 2116 etiam
1770 2067 1828 2132 per
1848 2065 1883 2116 sa

288 2171 387 2236 multo
408 2170 604 2253 probabilius
626 2176 684 2252 est,
704 2171 763 2238 hac
784 2171 852 2238 loco
875 2172 1092 2239 catalecticum
1114 2176 1334 2238 tetrametrum
1357 2189 1451 2256 quam
1474 2171 1709 2238 acatalectieum
1732 2171 1883 2252 scriptum

287 2289 402 2371 inisse,
431 2291 520 2358 cuius
547 2291 672 2374 generis
701 2292 821 2358 nullum
850 2297 938 2358 extat
964 2293 1140 2374 exemplum
1167 2293 1200 2357 iu
1230 2291 1289 2358 hoc
1324 2293 1462 2358 carmine
1488 2293 1665 2359 amaebaeu.
1711 2291 1824 2373 ltaque
1845 2309 1883 2356 en

293 2411 476 2492 editoribus,
499 2413 555 2494 qui
576 2413 850 2481 Hemsterhusium
872 2413 973 2480 secuti
995 2417 1078 2494 sunt,
1101 2430 1192 2480 nemo
1214 2412 1404 2480 scholiastae
1432 2411 1582 2480 obediens
1611 2411 1776 2480 lectionem
1799 2410 1882 2480 ccdi-

293 2549 363 2600 cum
386 2533 591 2601 commutavit
611 2539 738 2617 praeter
759 2533 974 2602 Thierschium
998 2535 1150 2602 editorem
1173 2533 1342 2601 admodum
1365 2534 1565 2617 singularem,
1589 2535 1643 2618 qui
1666 2533 1777 2600 edidit:

601 2654 664 2738 ἐγὼ
687 2653 724 2720 ἀὲ
747 2656 799 2744 τὴν
821 2653 936 2743 Κίρκην
958 2677 995 2737 γε
1018 2656 1072 2743 τὴν
1094 2656 1239 2719 κυκῶσαν
1262 2655 1321 2720 ἀνὰ
1344 2655 1381 2720 τὰ
1404 2655 1558 2742 φάρμακα
1580 2660 1613 2722 et

598 2773 710 2838 οὐκοῦν
732 2797 768 2838 σε
792 2776 845 2863 τὴν
868 2772 982 2862 Κίρκην
1004 2796 1052 2857 γε,
1076 2775 1130 2863 τὴν
1153 2779 1297 2844 κυκῶσαν
1318 2775 1378 2840 ἀνὰ
1401 2775 1439 2839 τὰ
1461 2773 1624 2861 φάρμακα,

289 2895 322 2968 ,in
344 2895 548 2962 adnotatione
575 2896 683 2963 critica
708 2915 783 2964 vero
815 2895 855 2964 ad
879 2915 906 2962 v.
931 2900 993 2963 300
1015 2896 1094 2962 haec
1121 2894 1214 2962 dixit:
1247 2894 1370 2977 »Vulgo
1398 2899 1583 2962 tetrameter
1612 2893 1765 2976 catalect,
1788 2911 1883 2978 quern

291 3015 460 3083 scholiasta
481 3021 611 3084 auctore
632 3016 727 3084 reieci
749 3017 969 3084 acatalectum.
1002 3016 1083 3082 Edd.
1108 3021 1141 3082 et
1155 3033 1228 3082 mss.
1253 3016 1290 3081 τὰ
1312 3015 1459 3103 φάρμακ’
1482 3016 1698 3094 ἀνακυκῶσαν,
1721 3015 1805 3082 unda
1827 3020 1884 3082 ant

291 3139 433 3200 κυκῶσαν
455 3136 516 3200 ἀνά
538 3136 575 3200 τὰ
598 3130 761 3223 φάρμακα,
784 3142 842 3204 aut
861 3154 919 3219 pro
942 3136 1002 3200 ἀνὰ
1025 3137 1062 3200 τὰ
1088 3135 1225 3204 sonasse
1253 3133 1370 3219 ἀγαθά,
1399 3136 1485 3219 quod
1512 3136 1638 3219 saepius
1660 3155 1718 3219 per
1740 3153 1884 3219 campen·

292 3255 377 3322 dium
399 3255 557 3336 scribitur,
579 3257 629 3323 vel
652 3255 752 3340 ἀγανὰ
774 3254 886 3339 refingi
906 3254 999 3322 facile
1013 3255 1125 3339 potuit.
1162 3256 1245 3323 Nam
1266 3279 1330 3322 κνκ.
1353 3257 1414 3320 ἀνὰ
1435 3257 1473 3320 τὰ
1495 3251 1595 3343 φάρμ.
1612 3262 1673 3324 est:
1696 3253 1884 3320 rotabulum

228 3453 232 3463 ¹
292 3395 425 3440 cauare
452 3377 487 3440 a'a
507 3374 710 3464 pharmacis.
755 3376 873 3444 Genua
894 3376 1030 3456 ἀνακυκ,
1061 3375 1184 3442 obieeta
1212 3376 1312 3442 altero
1340 3376 1463 3458 omissa,
1485 3376 1631 3442 universa
1659 3374 1880 3442 vindicibus«

291 3497 389 3564 Errat
410 3496 504 3564 homo
527 3496 743 3572 doctissimum
769 3513 841 3562 nam
864 3491 1029 3561 ἀνακυκάω
1051 3497 1162 3564 eodem
1184 3497 1254 3564 iure
1275 3515 1347 3564 cum
1369 3513 1432 3563 uno
1453 3495 1575 3564 obiecto
1598 3494 1798 3579 coniungitur
1818 3511 1882 3578 qno

291 3611 530 3704 ἀνακεράννυρκ,
553 3615 592 3685 af.
615 3617 692 3686 Aah.
716 3621 776 3684 671
802 3617 832 3682 αἳ
855 3617 892 3682 ἀὲ
913 3615 1028 3682 θασίαν
1050 3618 1227 3682 ἀνακυκῶσι
1247 3614 1477 3704 λιπαράμπυκα,
1500 3617 1579 3684 Rau.
1606 3621 1663 3684 511
1689 3611 1791 3704 κῷνον
1813 3613 1883 3680 ἀνε-

290 3732 432 3826 κεράννυ.
477 3737 654 3806 Verborum
677 3741 784 3805 autem
806 3755 888 3822 quae
911 3737 1012 3804 edidit
1033 3755 1105 3804 eum
1133 3736 1326 3805 callidiorem
1348 3753 1443 3820 quam
1465 3737 1619 3804 veriorem
1648 3735 1882 3818 interpretatio·

288 3875 361 3924 nem
383 3857 534 3926 adiecisse
556 3863 590 3924 et
611 3877 650 3924 cx
677 3858 802 3924 dnobus
827 3873 907 3941 quas
936 3856 1065 3939 insuper
1094 3854 1217 3924 addidit
1238 3857 1425 3924 coniecturis
1453 3863 1691 3924 neutram-eam
1714 3873 1783 3924 esse
1800 3873 1882 3939 quae

289 3977 390 4059 possit
410 3978 442 4043 iu
465 3977 568 4045 locum
589 3976 732 4044 lectionis
754 3977 794 4044 ab
817 3977 902 4044 omni
923 3983 1014 4060 parte
1036 3977 1207 4061 probabilis
1232 3978 1438 4061 omnibusque
1461 3978 1622 4046 codicibus
1643 3981 1788 4046 servatae
1811 3993 1881 4044 suc-

290 4098 409 4175 cedero,
431 4114 523 4166 nemo
545 4116 608 4166 nou
630 4098 746 4166 sentiet
768 4115 899 4164 mecum.

390 4217 449 4285 ad.
472 4237 502 4286 r.
525 4224 588 4285 415
610 4219 781 4286 scholiasta
803 4218 876 4286 inda
898 4237 918 4284 a
940 4218 1044 4286 uerbis
1067 4216 1093 4283 ῶ
1115 4217 1237 4304 θερμὸν
1260 4215 1354 4306 ἔργον
1376 4220 1418 4303 (v.
1442 4217 1519 4302 410)
1542 4218 1584 4284 ad
1605 4237 1634 4284 v.
1658 4221 1722 4286 186
1752 4215 1816 4308 ἔχοι
1838 4238 1884 4290 τις

291 4339 330 4405 ἀν
353 4338 471 4405 δίκαιον
494 4339 648 4404 ἀντειπεῖν
670 4336 714 4405 ἔτι
735 4339 895 4406 trimetros
918 4339 1067 4408 iambicos
1089 4339 1290 4424 septuaginta
1311 4345 1377 4406 tres
1399 4345 1546 4406 numerat
1559 4339 1719 4407 codicibus
1735 4357 1796 4405 non
1811 4339 1882 4422 plus

176 4497 180 4504 ·
290 4460 491 4544 septuaginta
515 4460 593 4528 duos
615 4459 844 4528 exhibentibus.
872 4459 986 4528 Facilis
1001 4465 1035 4526 et
1054 4464 1200 4544 prompta
1215 4461 1395 4527 coniectura
1410 4464 1460 4526 cst
1480 4459 1678 4527 intercidisse
1692 4458 1725 4525 iu
1739 4459 1882 4525 codicum

289 4579 459 4666 archetypo
487 4599 585 4648 nuum
608 4599 742 4659 versum,
771 4599 836 4666 quo
865 4581 988 4648 adiecto
1016 4597 1166 4647 numerus
1194 4580 1398 4663 septuaginta
1419 4581 1514 4647 tn'um
1537 4597 1685 4647 ramnum
1708 4579 1880 4660 expleatur.

289 4701 337 4770 dc
360 4702 465 4770 nescio
487 4721 527 4769 au
549 4702 628 4770 haec
650 4719 746 4770 causa
766 4700 871 4782 inerit,
894 4721 951 4768 cur
972 4700 1127 4800 Itergldus
1148 4701 1180 4765 iu
1203 4701 1348 4767 editionis
1376 4700 1507 4767 alterius
1535 4699 1732 4768 correctioris
1760 4698 1882 4783 praala-

287 4821 373 4890 11000
394 4823 574 4901 adnotaret,
597 4821 697 4888 videri
719 4827 842 4903 00011.
866 4823 929 4886 450
952 4823 1061 4883 aoros
1083 4818 1155 4905 γὰρ
1178 4818 1220 4883 αὐ
1243 4817 1424 4907 θώρακα,
1447 4819 1559 4884 ποίαν
1582 4815 1611 4884 δ’
1632 4817 1779 4884 ἀσπίδα
1801 4819 1881 4887 exci-

287 4940 372 5009 disse
393 4941 528 5026 aliquid,
554 4941 689 5007 fortasse
712 4937 828 5004 ποίαν
858 4937 900 5004 ἀὲ
926 4937 1073 5028 λόγχην
1100 4935 1120 5028 ἦ
1140 4933 1344 5029 μάχαιραν
1370 4937 1390 5027 ἠ
1413 4939 1527 5027 aspa
1557 4939 1613 5007 scd
1634 4940 1797 5006 tacendum
1819 4939 1881 5004 erit

286 5061 356 5146 ipsa
377 5062 471 5130 huius
492 5061 553 5129 loci
575 5067 691 5128 natura
712 5066 749 5127 01
770 5060 846 5126 talia
867 5058 1044 5126 adiciantur
1064 5059 1191 5126 minime
1206 5057 1352 5144 flagitari.
1386 5059 1541 5126 Nimirum
1558 5059 1713 5144 Blepprus
1728 5061 1767 5126 de
1781 5059 1879 5126 armis

287 5183 362 5250 solis
384 5184 502 5265 cogtuc
521 5183 668 5264 iustoque
690 5181 830 5248 timidior
851 5181 985 5248 telorum
1009 5199 1049 5247 ne
1070 5181 1255 5247 recordatur
1277 5179 1413 5261 quidem.
1455 5179 1567 5262 ltaque
1590 5181 1616 5247 si
1639 5181 1709 5265 quis
1724 5179 1880 5246 inuenerit

1705 5285 1724 5340 4
