4716 6098
1201 733 1221 793 4

415 942 493 1019 potu
518 936 602 1002 haud
624 954 696 1001 raro
720 935 835 1001 dicitur
863 939 900 1001 ut
920 955 949 1000 ν.
975 939 1057 1002 1123
1080 936 1143 998 νυνὶ
1171 935 1208 998 ἀὲ
1237 939 1348 998 πεινῶν
1379 933 1543 1021 ἀναβάδην
1566 932 1773 1018 ἀναπαύομαι,
1796 935 2001 1016 quae-rerba

418 1059 567 1124 Mercurii
590 1060 672 1134 sunt,
696 1058 749 1138 qni
771 1075 805 1123 se
827 1057 962 1124 desitum
984 1075 1054 1123 esse
1075 1057 1218 1141 queritur
1240 1056 1359 1124 deliciis
1381 1055 1445 1122 suis
1467 1075 1487 1121 a
1506 1056 1656 1140 cauponis
1677 1055 1826 1124 delectari
1853 1053 1890 1122 ct
1920 1057 1999 1123 lien.

415 1180 509 1246 Mem.
524 1179 583 1258 III,
602 1183 651 1254 13,
675 1183 693 1244 5
716 1178 765 1240 καὶ
786 1177 887 1241 ἐκεῖσε
910 1177 1123 1264 πορευόμενος
1142 1179 1356 1264 περιπατήσας
1377 1177 1567 1266 ἀριστήσεις,
1590 1177 1806 1266 περιπατήσας
1827 1177 2003 1266 δειπνήσεις

417 1299 465 1362 καὶ
493 1297 673 1384 ἀναπαύσῃ
706 1298 747 1363 ih.
768 1298 822 1378 IV,
847 1303 875 1378 5,
899 1303 927 1362 9.
972 1299 1081 1379 Eurip.
1112 1297 1196 1381 Cyol.
1221 1301 1281 1364 582
1306 1296 1437 1383 Cyclops
1461 1299 1583 1365 ebrius:
1618 1299 1687 1369 ἅλις
1707 1297 1893 1387 Γανυμήδην
1917 1298 2001 1362 τόνδ’

417 1418 497 1509 ἔχων
519 1419 736 1503 α’ναπαόσομαι
758 1419 902 1482 κάλλιστα
925 1420 960 1507 νή
985 1418 1039 1488 τὰς
1062 1419 1207 1504 Χάριτας.
1252 1416 1365 1500 ltaque
1386 1437 1444 1502 ego
1467 1437 1528 1486 non
1551 1419 1660 1486 dubibo
1684 1419 1760 1502 quin
1783 1418 1999 1507 ἀνεπαλλόμην

417 1561 455 1606 ex
477 1539 676 1626 ἀνεπαυόμην
692 1543 873 1621 corruptum
890 1539 941 1605 sit
976 1539 1072 1604 Vides
1092 1537 1306 1605 Heimsoethio
1329 1539 1517 1622 optimorum
1532 1539 1673 1606 codicum
1687 1557 1883 1608 communem
1897 1540 2003 1607 lectio-

417 1681 488 1729 nem
505 1661 646 1745 quamvis
661 1661 760 1741 ipsam
777 1660 1003 1726 emendandam
1016 1660 1211 1743 imposuisse.
1245 1659 1308 1726 Sed
1324 1678 1416 1743 quem
1430 1660 1481 1727 hic
1503 1661 1622 1728 socium
1638 1662 1752 1728 erroris
1767 1661 1886 1742 hahuit,
1902 1661 2002 1748 Berg-

417 1784 489 1850 kius
510 1783 592 1864 idem
607 1751 719 1864 passus
735 1800 803 1848 esse
818 1782 943 1848 uidetur
957 1781 1043 1848 solus
1058 1800 1086 1846 r.
1104 1787 1162 1847 721
1182 1781 1426 1846 κατέπλασεν
1449 1780 1568 1846 αὐτοῦ
1590 1781 1633 1846 τὰ
1647 1778 1822 1869 βλέφαρ’
1844 1781 2003 1870 ἐκστρέ·

419 1909 505 1990 ματ,
528 1905 597 1968 ἵνα.
632 1903 712 1968 Nam
735 1902 818 1984 quod
841 1921 911 1968 cum
935 1901 1000 1968 solo
1016 1903 1196 1969 hlonacensi
1220 1904 1417 1969 cRarennas
1432 1909 1465 1969 et
1480 1904 1619 1970 Venetus
1635 1903 1783 1970 exhibent
1797 1901 2001 1990 ἐκτρέψας,

421 2026 453 2090 id
476 2024 652 2090 Meinehius
672 2023 797 2105 quidem
813 2022 1016 2105 Kappeynius
1037 2022 1217 2090 Dindordus
1241 2045 1278 2091 ex
1299 2023 1475 2110 ἐκστρέψας
1496 2028 1671 2092 ceterorum
1691 2023 1897 2108 plurimorum
1919 2025 2003 2092 eodi-

420 2165 490 2212 cum
511 2145 643 2212 lectione
658 2151 763 2212 ortum
778 2162 846 2210 esse
862 2144 1091 2224 intellexerunt,
1113 2144 1270 2227 Bergkius
1285 2164 1359 2212 vero
1374 2119 1509 2212 ronaco
1523 2143 1706 2231 ἐκτρίψας
1718 2146 1792 2212 iude
1807 2143 2002 2212 efficiendum

421 2285 490 2334 esse
512 2266 651 2333 coniecit
697 2265 785 2344 Quae
807 2265 987 2331 coniectura
1013 2265 1096 2332 inter
1126 2285 1180 2332 eas
1207 2266 1370 2332 referenda
1398 2284 1467 2332 esse
1489 2265 1624 2347 ridetur,
1646 2285 1726 2351 quas
1748 2265 1892 2334 refellere
1914 2271 1999 2334 ante·

421 2405 515 2468 quam
537 2387 708 2470 explicatae
725 2385 788 2452 sint
803 2386 948 2453 dedecet:
970 2387 1094 2452 interim
1111 2385 1295 2472 ἐκστρέψας,
1318 2387 1402 2470 quod
1420 2386 1537 2453 nullam
1554 2387 1755 2454 offensionem
1770 2387 1874 2468 habet,
1898 2391 2003 2454 tenen·

409 2510 496 2590 ‚dum
518 2513 576 2574 est.

506 2647 535 2694 r.
560 2635 618 2696 701
643 2629 789 2698 videntur
810 2629 981 2696 deteriores
1003 2627 1125 2696 codices
1147 2627 1309 2694 exhibere:
1339 2627 1406 2691 οὐκ
1432 2624 1509 2692 ἀλλ’
1533 2624 1638 2692 Ἰασὼ
1664 2628 1736 2714 μέν
1765 2652 1823 2700 τις
1843 2629 2004 2694 ἀκολου-

422 2748 535 2818 6αῦσ’
565 2753 658 2837 ἅμα,
685 2752 851 2818 Ravennas
879 2755 912 2816 et
942 2749 1082 2816 Venetus
1111 2749 1283 2832 additare
1312 2749 1467 2833 particula
1493 2749 1545 2816 ille
1569 2746 1672 2814 Ἰασὼ
1698 2749 1770 2835 μέν
1799 2773 1836 2834 γε
1859 2774 1931 2830 τις,
1954 2750 2005 2818 hic

419 2871 445 2937 ’1.
466 2873 536 2959 μέν
558 2897 601 2956 γε
624 2873 739 2938 ουιίεεο
761 2873 951 2955 pronomine.
985 2870 1143 2953 Reisigius
1159 2869 1296 2936 Coniect.
1312 2889 1342 2953 p.
1360 2875 1409 2952 51,
1425 2871 1558 2936 miratus
1580 2871 1671 2938 Iasus
1693 2871 1810 2939 nomini
1832 2890 2002 2955 pronomen

423 2992 633 3076 indefinitum,
667 2992 833 3059 articulum
869 2992 1028 3058 Panaceae
1062 2991 1117 3056 illa
1143 3010 1206 3057 non
1234 2991 1335 3074 magis
1362 2994 1456 3057 notae
1483 2991 1624 3057 additum
1653 3009 1724 3058 esse
1750 2991 1833 3058 laoili
1861 2991 2002 3075 proiecto

424 3114 545 3181 medela
566 3113 779 3198 reponendum
793 3113 897 3178 duxit:
920 3111 975 3176 υδκ
997 3110 1065 3174 ἀλλ’
1084 3106 1191 3174 Ἰασὼ
1211 3111 1283 3195 μέν
1305 3107 1335 3194 γ’
1359 3108 1667 3176 ἐπακολουθοῦσ’
1690 3112 1765 3198 ἅμα.
1787 3112 2004 3180 Probaverunb

423 3238 482 3302 hoc
508 3235 635 3318 Reisigii
658 3235 817 3302 inventum
844 3233 998 3316 Bergkius
1021 3235 1195 3302 Meinekius
1210 3232 1389 3301 Dindorfius
1410 3235 1443 3300 in
1465 3234 1658 3302 scenicorum
1679 3239 1844 3316 poetarum
1865 3234 2003 3302 editione

427 3360 538 3441 quinta
560 3356 715 3437 Lipsieusi
731 3357 934 3438 Kappeynius
950 3375 1009 3423 van
1025 3356 1064 3423 de
1079 3355 1237 3439 Coppello.
1281 3355 1463 3422 Maluerunt
1482 3355 1578 3438 igitur
1600 3355 1683 3438 quod
1704 3359 1831 3437 praeter
1853 3355 2006 3423 Veretum

426 3497 535 3545 omnes
557 3476 679 3544 codices
695 3478 842 3545 exhibent
862 3496 1032 3562 pronomen
1047 3477 1151 3544 delere
1165 3495 1258 3561 quam
1272 3477 1356 3559 quod
1370 3477 1429 3544 soli
1445 3477 1611 3544 Ravennae
1629 3482 1661 3544 et
1668 3476 1806 3544 Venetus
1822 3499 1859 3560 γε
1873 3478 2007 3546 vocabu-

426 3599 491 3666 lum
506 3617 568 3665 non
592 3600 740 3681 recipere.
763 3599 831 3683 Ego
847 3599 938 3665 aliter
953 3601 1064 3667 sentio.
1087 3599 1224 3666 Primum
1247 3599 1328 3666 enim
1351 3619 1422 3666 cnm
1438 3598 1523 3681 apud
1538 3598 1779 3682 Aristophanem
1798 3599 1832 3665 in
1853 3600 2005 3668 trimetris

426 3720 528 3788 decies
551 3718 646 3802 (Plut.
672 3725 721 3786 13.
747 3725 794 3785 16.
821 3726 869 3786 19.
894 3727 965 3786 757.
1011 3721 1087 3788 Aah.
1111 3726 1182 3786 261.
1205 3720 1286 3786 Nuh.
1312 3724 1383 3785 505.
1406 3722 1463 3786 Au.
1488 3724 1580 3785 1551.
1603 3719 1681 3786 Rau.
1706 3725 1776 3785 521.
1801 3718 1885 3788 ΕουΙ.
1912 3726 2004 3788 1028.

429 3845 534 3924 1077.)
585 3839 766 3906 ἀκολουθεῖν
788 3842 917 3908 verbum
939 3842 1078 3924 simplex,
1102 3819 1323 3905 ἐπακολουθεῖν
1337 3841 1434 3907 semel
1450 3845 1572 3906 tantum
1588 3840 1620 3905 in
1635 3838 1811 3924 fragmento
1826 3859 1875 3924 ap.
1892 3841 2005 3908 Athen.

426 3963 540 4046 1111).
565 3967 625 4028 525
648 3964 685 4028 Α.
710 3963 809 4046 (Com.
832 3961 868 4028 Il
889 3984 918 4045 p.
945 3965 1049 4045 1163.)
1071 3962 1259 4046 invenerim,
1289 3982 1380 4030 ame
1399 3962 1566 4044 impetrare
1587 3980 1649 4028 nou
1673 3979 1816 4045 possum,
1842 3968 1879 4029 ut
1899 3963 2006 4056 invitis

427 4083 585 4151 codicibus
613 4084 757 4150 omuibus
783 4083 841 4150 hoc
867 4084 935 4152 loco
957 4085 1087 4152 uerbum
1114 4085 1319 4166 compositum
1346 4083 1576 4150 restituendum
1604 4101 1673 4150 esse
1702 4083 1840 4166 Reisigio
1869 4083 2005 4150 credam.

429 4205 548 4272 Deinde
577 4203 703 4271 Carioni
724 4205 778 4287 qui
806 4223 863 4288 per
891 4206 974 4272 hune
1000 4211 1101 4272 totum
1128 4205 1230 4273 locum
1260 4204 1418 4288 religionis
1445 4209 1690 4286 contemptorem
1716 4223 1751 4271 se
1773 4206 1904 4289 praebet
1931 4204 2008 4270 nihil

428 4327 529 4411 magis
552 4327 717 4394 convenire
739 4330 816 4410 puto
838 4345 931 4409 quam
953 4327 1040 4408 illud,
1064 4327 1147 4411 quod
1170 4327 1242 4392 olim
1265 4326 1437 4409 legebatur,
1463 4323 1550 4390 Ἰασώ
1574 4349 1626 4407 τις,
1650 4345 1712 4411 quo
1734 4345 1805 4394 cum
1827 4332 2008 4410 contemptu

429 4449 565 4532 quodam
585 4447 801 4514 mulierculam
816 4448 900 4514 illam
922 4447 1086 4532 significat,
1102 4467 1184 4532 quae
1207 4449 1239 4514 in
1261 4448 1377 4532 templo
1398 4447 1575 4532 Aesculapii
1589 4449 1680 4514 lasus
1696 4453 1801 4530 partes
1816 4451 2007 4532 susceperat.

428 4570 516 4636 Idem
538 4587 612 4636 vero
628 4569 712 4652 quod
734 4568 846 4636 deinde
867 4569 936 4634 ioco
961 4569 1076 4636 omisso
1101 4569 1262 4636 Pauneeae
1284 4574 1320 4635 nt
1342 4568 1432 4636 decet
1445 4567 1612 4636 articulum
1627 4568 1724 4648 addit,
1740 4587 1798 4636 suo
1813 4569 1881 4636 inre
1895 4570 2006 4636 utitur.

430 4689 493 4753 lle'r
515 4713 551 4772 γε
573 4709 647 4757 vero
668 4689 892 4773 particularum
914 4689 1163 4756 coniunctionem
1185 4689 1410 4773 Aristophanes
1431 4695 1554 4756 mutum
1581 4689 1697 4756 nonin
1719 4688 1838 4755 deliciis
1860 4689 2008 4758 habuisse

429 4810 569 4892 videtur3
592 4829 664 4876 nam
686 4829 747 4878 non
769 4812 870 4877 solum
891 4830 1000 4878 novem
1030 4812 1120 4892 locis,
1149 4829 1228 4895 qnos
1250 4811 1397 4878 Wehrius
1412 4811 1452 4877 in
1480 4810 1699 4878 dissertatione
1726 4809 1918 4894 inaugurali,
1948 4810 2008 4877 hoc

429 4951 510 5002 anno
533 4932 703 5017 Gottingae
724 4933 763 4999 de
784 4932 1010 5016 particularum
1031 4931 1249 4999 nonnullarum
1271 4933 1355 5016 apud
1377 4931 1616 5015 Aristophanem
1639 4948 1700 4997 usu
1714 4933 1900 5015 conscripta,
1915 4951 1945 5015 p.
1965 4935 2003 4994 18

430 5053 597 5138 congessit,
619 5054 691 5120 illae
714 5054 896 5120 coniunctae
916 5053 1072 5136 leguntur,
1089 5053 1308 5120 verumetiam
1328 5053 1394 5122 his:
1417 5055 1473 5118 Ar.
1499 5057 1580 5120 1136
1603 5051 1638 5115 ἐκ
1656 5051 1715 5138 μέν
1736 5075 1774 5137 γε
1795 5052 1914 5140 Λιβύης
1931 5051 2004 5140 ήκον

431 5177 476 5247 ὡς
499 5173 672 5264 τρισμύριαι
693 5173 827 5260 γέρανοι,
850 5174 891 5241 ib.
912 5179 993 5244 1608
1010 5177 1061 5240 νῦν
1075 5171 1134 5258 μέν
1155 5172 1189 5255 γ’
1213 5172 1271 5238 ὑπὸ
1295 5178 1362 5246 ταῖς
1383 5172 1557 5260 νεφέλαισιν
1581 5171 1818 5262 ἐγκεκρυμμένοι
1832 5172 1903 5252 κτλ,
1922 5169 2007 5240 Eccl.
