4716 6098
1023 733 1147 842 er

251 978 541 1056 uersuumordine
564 997 657 1063 quom
680 979 853 1062 egoenim,
878 979 1059 1046 adolescens
1089 979 1177 1062 prior
1205 999 1300 1048 anum
1327 981 1447 1067 μεῖραξ
1471 983 1623 1050 vocabulo
1652 1001 1709 1066 por
1735 982 1841 1048 iocum

254 1096 419 1183 significat,
442 1118 512 1168 cum
536 1097 626 1166 dicit:
650 1101 702 1162 νῦν
725 1097 759 1162 δ’
781 1095 867 1162 ῶπιδι
883 1097 1005 1187 χαίρων
1028 1099 1194 1182 συλλαβὼν
1217 1101 1271 1188 τὴν
1291 1099 1436 1186 μείρακα,
1459 1099 1645 1185 Chremylus
1660 1103 1755 1184 paulo
1770 1107 1844 1184 post

252 1239 280 1288 7.
307 1225 384 1286 1071
411 1215 478 1284 ἀλλ’
501 1217 528 1284 ῶ
551 1213 683 1283 νεανίσκ’
707 1215 763 1282 οὐκ
785 1216 828 1282 ἐῶ
852 1219 906 1307 τὴν
925 1219 1061 1307 μείρακα
1081 1225 1182 1305 μισεῖν
1204 1243 1242 1288 σε
1265 1221 1378 1309 ταύτην
1393 1223 1576 1306 pronomine
1593 1225 1841 1291 demonstrative

251 1340 369 1421 addito,
393 1339 425 1406 id
447 1340 532 1424 quod
554 1345 664 1408 eontra
684 1339 731 1406 rei
753 1343 899 1406 naturam
921 1339 990 1406 fieri
1017 1359 1139 1409 censeo.
1183 1343 1270 1410 Haeo
1295 1344 1377 1410 enim
1405 1361 1465 1410 vox
1487 1345 1612 1412 vetulae
1634 1363 1746 1427 parurn
1769 1363 1841 1413 oon·

254 1460 357 1538 renit;
384 1478 447 1546 qua
469 1460 508 1528 de
530 1479 626 1528 causa
648 1460 763 1528 chorus
786 1478 879 1527 suurn
908 1459 935 1525 ὦ
960 1461 1143 1549 μειρακίσκη
1172 1463 1338 1530 adlocutus
1367 1481 1402 1529 se
1431 1467 1576 1530 excusat:
1607 1461 1755 1529 πυνθάνει
1782 1463 1843 1551 γὰρ

255 1582 389 1668 ὡρικῶς,
409 1597 490 1664 quae
512 1582 609 1649 verba
630 1600 691 1649 non
716 1580 826 1649 dubito
848 1581 924 1663 quin
946 1586 1041 1666 poeta
1063 1583 1102 1650 de
1126 1583 1265 1666 virgineo
1289 1583 1391 1661 ruodo,
1415 1603 1477 1668 quo
1500 1601 1579 1650 anus
1592 1585 1844 1670 interrogaverit,
1974 1575 1975 1582 ’

251 1701 391 1788 intellegi
413 1702 550 1772 voluerit
570 1701 608 1771 cf.
631 1703 756 1770 The-sm.
778 1708 839 1770 582
862 1702 891 1767 τῖ
910 1699 942 1766 δ’
966 1701 1048 1768 ἔστιν
1070 1701 1097 1766 ῶ
1118 1704 1190 1786 arui}
1213 1703 1308 1768 παῖδα
1331 1704 1392 1790 γάρ
1416 1702 1449 1767 o'
1472 1703 1553 1776 εἶκδς
1574 1705 1687 1782 καλεῖν,

851 1822 914 1895 ἕως
936 1823 973 1888 δν
996 1823 1099 1894 οὕτως
1121 1823 1177 1894 τὰς
1197 1821 1336 1908 γνάδους
1357 1821 1453 1910 φιλδς
1474 1821 1550 1914 ἔχης
1572 1830 1605 1892 et

626 1943 721 2027 Vesp.
747 1947 827 2011 1297
851 1943 879 2008 τί
900 1939 930 2010 δ’
955 1941 1036 2009 ἔστιν
1059 1942 1085 2009 ὦ
1110 1947 1178 2020 παῖς
1204 1923 1391 2032 παῖδαήιῖρ,
1416 1944 1471 2010 κδν
1493 1940 1516 2033 ᾔ
1537 1945 1651 2033 γέμων,

849 2065 950 2130 καλεῖν
973 2063 1090 2131 δίκαιον
1112 2066 1199 2136 ὅστις
1220 2065 1258 2130 δν
1281 2065 1400 2154 πληγὰς
1420 2065 1514 2154 λα’βη.

253 2186 305 2256 Sie
330 2187 425 2256 etiam
448 2185 502 2254 ubi
523 2185 556 2256 iu
579 2185 743 2271 conloquio
766 2185 926 2270 Obremyli
948 2192 981 2254 et
1008 2186 1215 2255 adolescentis
1246 2206 1325 2254 anus
1354 2187 1487 2272 primurn
1515 2190 1633 2275 μεῖραξ
1659 2187 1846 2272 adportatur,

252 2313 289 2378 ut
311 2327 394 2393 quae
415 2309 543 2376 tandem
565 2306 689 2376 dicatur
711 2308 863 2390 adpareat
885 2309 953 2376 iure
975 2309 1104 2377 additur
1125 2326 1315 2394 pronomem
1350 2315 1518 2393 postquam
1546 2315 1652 2378 autem
1682 2308 1778 2378 semel
1800 2310 1845 2378 sio

257 2429 417 2514 adpellata
438 2434 503 2511 est,
526 2429 805 2498 demonstrativum
828 2448 998 2513 pronomen
1020 2431 1138 2498 rectius
1161 2429 1325 2498 omittitur.
1370 2429 1448 2496 Tam
1470 2435 1557 2497 arete
1579 2434 1684 2497 autem
1707 2429 1790 2496 inter
1811 2447 1847 2496 se

258 2549 415 2627 coniuncti
437 2556 513 2618 sunt
534 2567 583 2616 ev.
610 2554 817 2620 1676-1661
848 2555 882 2618 et
902 2568 951 2618 rr.
977 2552 1203 2633 1071-1675,
1234 2555 1270 2617 ut
1297 2551 1324 2618 si
1352 2549 1602 2617 demonstratum
1631 2553 1680 2618 est
1705 2567 1733 2615 ν.
1763 2551 1845 2616 lore

253 2677 497 2742 consentaneum
526 2689 596 2739 esse
622 2672 712 2755 sequi
738 2675 811 2756 post
840 2690 870 2739 v.
897 2676 989 2749 1671,
1018 2690 1081 2740 nou
1104 2672 1166 2738 iam
1194 2670 1294 2754 possit
1323 2669 1450 2738 defendi
1471 2687 1542 2737 mea
1562 2668 1674 2737 horum
1698 2685 1847 2738 versuum
1933 2661 1938 2670 '

254 2791 467 2876 transpositio.

358 2911 516 2984 versuum
538 2916 709 2982 rot-m
731 2913 873 2983 ordinem
894 2913 1113 2997 perturbatum
1136 2913 1340 2999 Kappeyuius
1361 2933 1422 2982 vau
1452 2914 1491 2982 de
1514 2914 1663 3000 Coppelle
1684 2931 1716 2998 p.
1739 2915 1780 2980 60
1802 2913 1847 2982 sic

254 3033 341 3104 iaeili
363 3036 491 3122 negotio
515 3033 640 3104 restitui
661 3052 754 3119 posse
777 3041 892 3111 censet,
914 3039 951 3102 ut
972 3053 1020 3102 vv.
1044 3039 1216 3102 tes-270
1237 3041 1312 3104 ante
1333 3053 1382 3102 νυ.
1400 3038 1568 3102 264-267
1585 3039 1846 3118 aanspouautur:

531 3158 593 3222 XO.
617 3155 643 3220 ὦ
660 3157 783 3246 χρυσὸν
806 3155 951 3239 ἀγγείλας
972 3154 1057 3220 ἐπῶν
1079 3159 1148 3226 πῶς
1169 3155 1249 3245 φη’ς;
1271 3157 1360 3235 πάλιν
1383 3158 1509 3243 φράσον
1529 3180 1592 3242 μοι.

613 3277 721 3366 δηλοῖς
741 3276 802 3365 γὰρ
825 3275 919 3342 αδτδν
941 3276 1047 3363 σωρὸν
1071 3278 1154 3366 ἥκειν
1170 3279 1346 3366 χρημάτων
1369 3273 1488 3367 ἔχοντα.

533 3399 594 3464 It’A.
619 3399 837 3488 πρεσβυτικῶν
856 3398 915 3485 μὲν
939 3396 994 3463 οὖν
1017 3402 1119 3463 κακῶν
1142 3393 1237 3482 ἔγωγ’
1262 3396 1372 3487 ἔχοντα
1394 3397 1510 3485 σωρόν.

533 3521 595 3588 XO.
619 3515 701 3584 lorea
723 3519 759 3584 δὲ
781 3519 820 3610 δὴ
845 3517 873 3584 τί
891 3520 943 3618 καὶ
965 3516 1063 3584 aldea
1086 3520 1122 3583 rb
1145 3521 1273 3606 πρᾶγμα
1296 3514 1389 3582 τοῦδ’
1412 3518 1433 3580 δ
1454 3539 1564 3605 φησιν,

530 3639 591 3706 Κλ.
616 3637 695 3729 ἔχων
718 3639 843 3725 ἀφῖκται
866 3638 963 3726 δεῦρο
987 3637 1168 3726 πρεσβύτην
1192 3634 1247 3704 τιν’
1272 3637 1298 3704 ab
1322 3637 1456 3727 πονηροί

610 3763 761 3848 ῥυπῶντα
784 3760 883 3847 κυφὸν
905 3757 1013 3826 ῶδλιον
1032 3760 1134 3848 ῥυσὸν
1154 3760 1307 3845 μαδῶντα
1331 3758 1447 3824 νωδόν·

614 3879 698 3966 οἶμαι
719 3879 755 3944 δὲ
778 3881 814 3969 νο)
837 3885 891 3945 τῶν
911 3879 1046 3967 οὐρανὸν
1070 3881 1119 3945 καὶ
1141 3880 1247 3967 φιυλὸν
1270 3879 1363 3946 αὐτὸν
1386 3879 1472 3948 εῖναι.

259 4003 439 4089 improbavi
460 4002 542 4074 hane
565 4001 842 4087 transpositionem
864 4003 897 4070 in
918 4001 1113 4072 Fleckeiseni
1135 4000 1301 4071 annalibus
1324 4019 1353 4068 a.
1378 4005 1461 4070 1666
1483 4020 1514 4085 p.
1538 4005 1610 4084 476,
1633 4002 1718 4086 quod
1739 4019 1849 4070 versus
1970 3989 1974 3994 ’

259 4127 313 4210 qui
335 4130 400 4197 ast:

617 4243 699 4314 ἔστιν
721 4243 758 4312 δὲ
779 4244 819 4335 δὴ
843 4242 871 4309 τί
890 4244 939 4310 καῖ
961 4239 1059 4310 atter
1081 4244 1116 4308 τὸ
1140 4246 1269 4331 πρᾶγμα
1293 4237 1382 4306 τοῦδ’
1406 4243 1427 4304 δ
1448 4263 1557 4332 φησινι

260 4369 321 4438 nisi
341 4372 414 4453 post
435 4387 464 4438 u.
489 4372 560 4439 tet.
586 4373 619 4438 3:

479 4563 481 4568 ¹
617 4485 812 4576 ὁδευπδιης
835 4487 896 4574 γάρ
920 4508 1016 4575 φησιν
1038 4485 1119 4570 ὑμᾶς
1140 4484 1246 4575 ἡδέως
1267 4487 1408 4561 ἅπαντας

619 4611 741 4698 ψυχροῦ
762 4605 835 4692 βίου
858 4609 907 4672 καὶ
929 4607 1082 4674 δυσκόλου
1107 4607 1211 4696 ζήσειν
1234 4607 1469 4693 ἀπαλλαγέντας

262 4749 356 4802 suum
378 4723 482 4800 loeum
508 4749 571 4800 uon
597 4731 738 4804 haberet.
788 4728 880 4810 Quod
907 4749 964 4798 our
990 4729 1120 4798 dixerim
1149 4729 1290 4813 adparet.
1341 4727 1437 4818 Φησίν
1466 4731 1548 4800 enirn
1577 4730 1708 4800 verbum
1735 4749 1765 4798 r.
1789 4733 1851 4798 264

261 4859 372 4940 aperte
392 4854 563 4939 respondet
584 4853 602 4918 6
624 4851 780 4942 δεσπότης
802 4852 864 4940 γάρ
888 4875 982 4941 φησιν
1004 4852 1108 4922 verbis
1132 4855 1294 4936 totamque
1314 4852 1394 4920 bano
1409 4851 1686 4936 interrogationem
1701 4851 1852 4934 subsequi

263 4993 323 5059 pur
344 4981 394 5044 est
414 4975 547 5060 primam
570 4975 710 5057 satisque
739 4975 905 5043 obscuram
929 4971 1073 5041 Curionis
1101 4991 1201 5040 novae
1228 4971 1374 5042 fortunae
1403 4969 1673 5057 significationem.
1724 4971 1852 5054 Contra,

266 5095 407 5182 siquid,
435 5097 523 5164 ebori
543 5097 637 5166 bilem
659 5114 785 5165 movere
806 5115 935 5166 necesse
956 5099 1026 5163 erat
1047 5095 1144 5164 rerba
1165 5093 1382 5181 πρεσβυτικῶν
1412 5092 1491 5170 κτλ,
1520 5108 1602 5175 quae
1628 5109 1754 5177 quoquo
1783 5092 1851 5160 loeo

269 5219 419 5306 leguntur
440 5218 550 5304 utique
571 5219 729 5288 curiosum
751 5218 837 5292 eheri
860 5217 907 5290 rei
928 5215 1162 5305 cognoscendae
1184 5215 1322 5286 studium
1345 5215 1518 5299 aegerrime
1540 5215 1671 5286 turbant
1691 5213 1852 5286 ueletiam
