4716 6098
1278 744 1318 803 34

504 945 677 1011 fortissime
706 962 885 1026 repugnans
914 943 1051 1025 intellegi
1079 943 1188 1026 possit,
1218 963 1281 1012 nou
1308 963 1437 1028 possum
1472 943 1649 1027 adversari,
1686 944 1872 1025 praesertim
1900 965 1970 1012 cunr
1999 964 2096 1032 supra

502 1085 530 1131 6.
554 1069 616 1130 422
640 1066 748 1132 eadem
770 1072 839 1130 arte
861 1062 1073 1131 refecerimus.
1120 1064 1183 1130 Sed
1204 1065 1314 1131 dubito
1336 1084 1377 1131 an
1399 1085 1437 1133 ex
1458 1084 1519 1131 usu
1542 1063 1678 1147 quodam
1701 1065 1866 1144 communi,
1890 1066 1980 1131 cuius
2001 1069 2096 1134 vesti-

502 1186 554 1268 gia
575 1185 664 1251 nobis
687 1184 773 1250 nullo
794 1185 912 1252 tradita
940 1203 1011 1251 esse
1037 1183 1200 1268 ridentur,
1229 1186 1393 1268 genetivus
1422 1204 1484 1252 non
1512 1184 1620 1252 addito
1649 1183 1726 1256 ἄκος
1746 1185 1796 1251 661
1825 1185 1918 1252 simili
1940 1188 2094 1255 vocabulo

506 1311 676 1389 usurpatus
698 1309 749 1371 sit.

604 1427 674 1492 Non
709 1425 825 1495 certior
856 1427 946 1493 crisis
980 1433 1029 1493 est
1061 1427 1100 1492 de
1137 1425 1271 1504 lacunis,
1308 1443 1387 1507 6666
1426 1431 1498 1507 post
1529 1446 1558 1492 6.
1595 1431 1655 1492 766
1685 1433 1718 1494 66
1746 1432 1808 1494 696
1837 1429 2012 1496 1661661666
2043 1431 2096 1497 de-

503 1549 619 1614 texisse
641 1547 702 1613 sibi
724 1519 811 1613 61666Ι
833 1553 890 1613 est.
928 1547 1008 1614 Nam
1031 1548 1094 1614 illic
1117 1548 1176 1614 etsi
1198 1566 1260 1614 non
1283 1549 1408 1615 ridetur
1426 1569 1463 1615 ex
1482 1548 1586 1614 verbis
1603 1564 1686 1629 6666
1702 1555 1854 1616 secuntur
1876 1551 1905 1614 of
1926 1546 2095 1638 6666161·

504 1665 582 1732 dour
604 1667 727 1732 κατόπιν
750 1667 1003 1754 ἐστεφανωμένοι
1024 1667 1180 1749 γελῶντες
1201 1667 1416 1756 εὐφημοῦντες
1437 1670 1615 1735 necessario
1639 1669 1859 1754 conligendum
1882 1688 1951 1737 esse
1974 1676 2095 1738 ceteros

502 1796 640 1856 moestos
662 1789 787 1868 abiisse,
811 1809 848 1856 uc
870 1791 897 1856 si
919 1791 1078 1870 abierunt,
1101 1789 1132 1856 id
1157 1795 1269 1873 poetae
1291 1790 1419 1856 disertis
1441 1791 1547 1858 666616
1574 1791 1777 1859 indicendum
1806 1791 1913 1874 fuisse,
1935 1797 2040 1860 tamen
2062 1792 2095 1858 id

502 1912 617 1994 optime
639 1907 706 1976 fieri
730 1916 762 1976 et
783 1911 815 1976 in
837 1910 979 1978 codicum
1001 1911 1159 1993 scriptura
1176 1911 1241 1995 ἅμα
1256 1911 1452 1978 abundanter
1473 1911 1515 1976 66
1530 1908 1777 1999 ἐοιοθρώποζον
1793 1913 1934 1980 additum
1951 1931 2020 1980 esse
2037 1933 2095 1982 nec

502 2033 580 2098 sutis
601 2032 752 2112 recte,‘id
775 2033 859 2117 quod
882 2051 939 2115 ego
968 2033 1072 2101 Ztsch.
1094 2029 1116 2096 f.
1140 2031 1169 2098 d.
1193 2030 1304 2114 Gymn.
1327 2032 1387 2098 XX
1409 2051 1439 2114 p.
1464 2035 1527 2096 224
1549 2033 1642 2114 66161,
1667 2033 1709 2100 66
1731 2035 1854 2111 πάντες,
1876 2035 1960 2116 6666
1976 2035 2009 2101 16
2024 2035 2093 2098 ὅσοι

501 2153 589 2236 latet⁷
611 2152 722 2220 referri
743 2153 975 2220 concedendum
997 2157 1055 2220 est.
1100 2153 1182 2219 Ante
1197 2171 1226 2218 6.
1243 2156 1304 2218 691
1325 2151 1422 2236 μετὰ
1445 2155 1560 2217 τοῦτο
1583 2149 1616 2216 δ’
1638 2152 1709 2242 ἤδη
1732 2155 1793 2218 καὶ
1814 2153 1971 2237 γέλοιον
1993 2155 2097 2244 δῆτά

503 2297 535 2338 τι
557 2293 631 2341 vero
653 2274 771 2357 aliquid
794 2273 989 2341 intercidisse
1011 2275 1071 2341 etsi
1092 2271 1268 2356 praefracte
1289 2274 1398 2357 negari
1420 2292 1483 2340 non
1504 2279 1618 2356 potest,
1641 2279 1746 2342 tamen
1775 2275 1850 2342 mihi
1881 2295 1995 2360 pamm
2023 2296 2094 2360 pro

500 2396 603 2476 batur,
627 2414 698 2462 cum
720 2397 799 2462 bene
820 2415 841 2463 6
862 2400 957 2479 poeta
979 2415 1030 2462 res
1052 2395 1098 2463 ita
1119 2394 1266 2462 instituto
1289 2413 1358 2462 esso
1388 2395 1542 2475 rideatur,
1567 2399 1603 2462 ut
1625 2393 1718 2461 06616
1749 2397 1898 2463 narrandi
1921 2396 2026 2465 studio
2048 2399 2094 2464 in-

500 2516 616 2581 citatus
637 2523 804 2600 postquem
828 2517 869 2582 66
891 2517 1031 2584 mulieris
1053 2517 1175 2583 auriam
1190 2517 1406 2600 quaestionem
1433 2515 1614 2582 brevissime
1630 2517 1801 2598 respondit,
1817 2518 1925 2584 statim
1939 2523 2092 2601 tanquam

500 2637 577 2703 nihil
596 2638 811 2705 intercesserit
831 2642 953 2720 pergat.
986 2635 1021 2702 C.
1044 2637 1096 2703 Fr.
1120 2638 1328 2716 Hermannus,
1352 2636 1406 2719 qui
1429 2641 1503 2703 ente
1524 2635 1714 2702 Meinelrium
1736 2637 1769 2704 16
1791 2636 1932 2706 hocloco
1947 2638 2096 2706 haeserat

500 2764 532 2824 et
553 2776 611 2839 pro
633 2757 694 2846 ἤδη
717 2758 917 2825 scribendum
939 2762 1148 2841 proposuerat
1170 2753 1248 2846 6166
1271 2755 1320 2823 661
1344 2751 1403 2844 ᾔει,
1435 2762 1565 2840 propter
1593 2757 1674 2824 hauc
1695 2757 1796 2840 ipsam
1818 2777 1945 2825 causum
1968 2761 2095 2836 6666611,

501 2879 584 2963 6666
607 2896 669 2944 666
692 2879 856 2960 intellexit,
879 2897 907 2944 6.
931 2881 993 2944 696
1025 2878 1058 2944 16
1087 2877 1276 2961 parenthesi,
1304 2881 1342 2943 ut
1367 2875 1413 2942 its
1434 2875 1545 2957 dicam,
1568 2876 1706 2959 positum
1736 2896 1822 2958 esse;
1857 2879 1898 2944 de
1927 2878 1989 2968 ἤδη
2021 2898 2095 2947 vero

497 3001 578 3084 μετὰ
607 3001 697 3064 τοῦτο
719 2999 893 3082 excipiente
914 2997 953 3067 cf.
976 2999 1089 3065 Derar.
1120 2998 1160 3065 de
1186 3015 1289 3080 graec.
1317 2997 1414 3082 liugn.
1442 3001 1524 3080 6666
1554 2997 1720 3064 66111616
1747 2995 1780 3064 ΙΙ
1802 3019 1833 3082 6.
1858 3004 1919 3066 603
1942 3019 1988 3085 66.
2017 3001 2095 3066 1166-

500 3127 588 3204 tung.
612 3119 628 3184 Ι
650 3140 680 3204 6.
704 3125 776 3186 243.

602 3242 708 3308 Etiam
737 3239 943 3307 confidentius
964 3258 1062 3324 supra
1082 3239 1264 3323 negavimus
1287 3237 1459 3323 Bergkium
1488 3245 1561 3321 post
1589 3257 1618 3304 6.
1646 3243 1709 3306 460
1742 3258 1867 3306 versum
1898 3241 2096 3310 intercidisse

500 3368 587 3430 recte
620 3363 813 3446 suspicatum
853 3380 932 3428 esse.
976 3361 1057 3429 Item
1096 3361 1192 3428 verbo
1222 3361 1356 3427 monitos
1384 3359 1454 3425 6616
1494 3359 1549 3443 661
1580 3357 1672 3456 forte·
1701 3359 1864 3442 legerunt,
1897 3380 1979 3445 6666
2022 3363 2095 3429 olim

501 3483 535 3548 in
557 3483 652 3550 Libro
680 3482 879 3550 miscellaneo
909 3502 1007 3566 supra
1035 3486 1276 3550 commemorato
1298 3500 1328 3565 p.
1354 3484 1395 3546 60
1418 3498 1463 3564 66.
1496 3479 1649 3559 61666661,
1677 3499 1728 3548 me
1757 3500 1820 3548 non
1847 3481 1910 3550 ium
1937 3484 2093 3550 inlocum

500 3623 611 3671 versus
634 3609 705 3686 281,
734 3623 827 3688 quem
855 3605 896 3672 ab
924 3605 983 3672 hoc
1010 3604 1078 3671 loco
1105 3603 1241 3669 alienum
1270 3619 1341 3669 esse
1369 3601 1434 3667 ium
1462 3599 1607 3676 uidimus,
1638 3600 1733 3667 alium
1756 3603 1994 3686 supponendum
2017 3623 2087 3672 esse

503 3744 639 3792 censere.
685 3725 766 3792 Nam
795 3743 857 3811 quo
887 3744 964 3792 usus
991 3743 1077 3790 eram
1098 3727 1294 3806 argumento,
1323 3722 1408 3804 quod
1439 3722 1560 3806 φράσαι
1586 3721 1717 3788 uerbum
1748 3723 2000 3790 6280666666
2029 3743 2091 3791 uon

500 3852 609 3929 posset
630 3845 761 3927 obiecto,
785 3847 852 3914 cius
874 3843 1040 3911 infirmitas
1062 3843 1164 3910 elucet
1185 3863 1223 3910 66
1245 3842 1323 3909 16616
1344 3841 1496 3908 similibus
1518 3842 1618 3908 velut:
1648 3860 1676 3907 6.
1701 3846 1739 3906 61
1764 3860 1810 3924 66.
1834 3843 1905 3906 ἀλλ’
1928 3844 1960 3908 εἴ
1980 3867 2007 3910 τι
2023 3845 2095 3934 χοί-

500 3989 571 4051 ρεις
593 3966 711 4054 ἀνδρὸς
732 3965 863 4054 εὐόρκου
887 3964 1022 4053 τρόποις,
1051 3963 1120 4050 ἐμοὶ
1142 3965 1315 4052 φράσον,
1342 3983 1370 4030 6.
1393 3967 1433 4028 65
1456 3963 1484 4026 εἰ
1501 3963 1546 4050 μὴ
1569 3964 1745 4050 φράσεις
1773 3965 1845 4051 γάρ,
1876 3963 1938 4028 ἀπό
1968 3962 2004 4030 σ’
2032 3967 2095 4030 ὀλῶ

503 4087 595 4150 κακὸν
618 4093 729 4160 κακῶς.

604 4209 682 4276 Post
703 4229 731 4274 6.
758 4213 838 4274 1163
862 4207 1038 4276 Meinskius
1058 4208 1151 4274 Vind.
1173 4225 1204 4290 p.
1229 4211 1290 4272 225
1313 4204 1474 4290 66661666
1497 4203 1650 4272 excidisse
1672 4205 1787 4289 conligi
1809 4225 1908 4290 posse¹
1923 4211 2031 4275 censet
2057 4227 2094 4276 66

504 4347 533 4394 6.
559 4333 651 4411 1110,
674 4329 728 4396 ubi
752 4327 845 4396 Cario
875 4329 1032 4396 Mercurio
1062 4327 1147 4396 (11666
1174 4349 1231 4412 666
1260 4327 1363 4412 166166
1391 4339 1467 4390 exta
1489 4324 1565 4390 lova
1587 4325 1747 4414 61666666,
1769 4328 1938 4393 utstatim
1963 4341 1991 4392 16
2013 4327 2095 4394 δια.

502 4451 652 4514 κυνικὸν
675 4472 741 4514 6666
769 4447 928 4531 ostendas,
955 4466 1037 4532 quae
1066 4447 1144 4516 mhil
1172 4446 1289 4515 16616111
1317 4448 1358 4513 ad
1385 4448 1529 4530 ἀγώνιον.
1575 4445 1622 4516 Ac
1650 4447 1835 4516 confirmare
1863 4449 1961 4516 videri
1992 4448 2096 4532 suspi-

502 4573 619 4639 tionem
643 4589 734 4638 suem
757 4589 825 4637 non·
841 4571 935 4638 modo
958 4571 1003 4638 eis
1026 4589 1107 4660 6666
1128 4590 1157 4636 6.
1191 4573 1272 4635 1165
1299 4567 1446 4652 legentur
1461 4567 1645 4656 -έεηύρηιεν
1673 4569 1761 4656 αὐτῷ
1786 4568 1917 4653 βιότιον,
1946 4587 2092 4653 pureque

502 4693 554 4758 616
575 4693 698 4776 possint
719 4694 759 4762 de
781 4711 818 4760 eo
841 4693 912 4773 dici,
935 4692 989 4774 qui
1012 4709 1046 4758 se
1068 4691 1282 4775 gymnicorum
1305 4695 1338 4758 et
1360 4689 1550 4756 musicorum
1574 4689 1722 4756 ludorum
1744 4689 1921 4773 praesidem
1936 4707 2006 4758 esse
2020 4707 2093 4773 pro-

502 4810 604 4880 fessus
626 4813 731 4891 fuerit,
754 4813 810 4880 sed
832 4813 928 4880 etiam
947 4832 975 4879 6.
1006 4817 1088 4880 1166
1117 4810 1228 4875 οὐκοῦν
1257 4809 1306 4874 ἐπὶ
1329 4803 1449 4880 τούτοις
1474 4807 1570 4885 εἰσίω,
1600 4827 1683 4893 6666
1709 4809 1806 4878 rerba
1827 4809 1868 4878 66
1891 4811 2090 4879 condiciones

505 4933 671 5001 referenda
685 4934 759 5015 sint,
774 4935 833 5002 sub
848 4935 963 5019 quibus
979 4934 1154 5003 Mercurius
1169 4951 1204 5000 se
1218 4931 1395 4999 ministrum
1410 4929 1478 4998 fore
1491 4930 1652 5014 professus
1666 4929 1771 4998 fuerit.
1795 4933 1843 4998 Ex
1857 4931 1907 5000 his
1928 4949 2094 5016 argumen-

504 5055 545 5120 tis
568 5055 600 5120 id
622 5055 821 5138 potissimum
850 5057 987 5139 conligo,
1015 5055 1172 5122 hominem
1200 5053 1415 5121 doctissimum
1444 5052 1539 5119 huius
1564 5052 1624 5120 1661
1653 5053 1841 5122 sententiam
1871 5070 1932 5120 non
1963 5071 2093 5136 prorsus

503 5175 687 5244 adsecutum
709 5196 788 5246 esse.
833 5175 926 5246 Cario
948 5178 981 5245 id
1002 5176 1078 5261 agit,
1101 5181 1137 5243 ut
1158 5174 1349 5244 Mercurium
1370 5173 1430 5242 sub
1451 5173 1564 5242 idoneo
1585 5173 1709 5242 nomine
1732 5174 1763 5241 in
1787 5171 1945 5256 Chrempli
1967 5172 2093 5241 domum
