4716 6098
1029 777 1068 840 l'i

254 975 351 1042 ludes
376 977 476 1060 igitur
505 977 696 1046 Meinekium
726 984 759 1046 et
786 979 1004 1063 Kappeynium
1028 981 1184 1048 Venetam
1213 987 1338 1045 secutos
1369 985 1479 1047 contra
1501 975 1639 1047 omnium
1667 987 1843 1048 ceterorum

253 1095 404 1162 librorum
439 1117 623 1166 consensum
659 1099 840 1189 αἰσχύνομαι
876 1101 1034 1183 probasse,
1071 1100 1155 1183 quod
1189 1102 1320 1168 verbum
1355 1107 1489 1185 uterque
1524 1102 1750 1186 interpretatus
1779 1104 1844 1168 est:

255 1217 372 1300 »pudet
393 1238 443 1285 me
464 1219 542 1285 lui.‹
588 1221 631 1285 At
652 1221 786 1303 tempori
816 1222 974 1304 rebusque
996 1219 1072 1286 nihil
1094 1221 1195 1302 magis
1218 1239 1311 1303 quam
1336 1219 1502 1306 ὑβρίζομαι
1525 1223 1695 1288 convenire
1717 1241 1755 1288 ac
1775 1222 1846 1288 iure

253 1315 406 1404 Velsenus
434 1337 544 1404 Pbildl.
568 1339 677 1406 XXIV
698 1359 728 1424 p.
755 1346 815 1407 149
839 1336 1020 1432 αλοχύνοραι
1044 1342 1190 1422 verbum,
1214 1341 1297 1420 quod
1318 1340 1402 1406 iusta
1424 1341 1456 1406 vi
1477 1349 1575 1423 caret,
1591 1361 1629 1410 ex
1644 1342 1750 1425 glossa
1764 1361 1847 1408 mar·

252 1457 349 1539 ginali
372 1463 478 1524 ortum
501 1477 571 1527 esse
593 1461 763 1528 coniecisse
785 1463 918 1528 videtur.
950 1457 1135 1548 Ὗβρὶζοραι
1157 1464 1263 1526 καλου]
1286 1462 1403 1544 optime
1425 1462 1458 1526 in
1482 1463 1625 1528 codicum
1639 1462 1773 1528 lectione
1787 1480 1845 1543 per

252 1577 416 1645 relativum
439 1599 609 1662 pronomen
632 1581 673 1648 ad
696 1583 837 1666 proxima
859 1583 1016 1649 adnexum
1039 1589 1097 1664 est,
1120 1602 1191 1649 cum
1213 1583 1388 1668 asyndeton
1409 1583 1469 1651 boc
1491 1582 1559 1650 loeo
1582 1602 1602 1648 a
1624 1601 1694 1649 meo
1716 1582 1844 1666 quidem

251 1715 346 1764 sensu
375 1716 469 1779 quam
498 1702 633 1769 maxime
662 1704 838 1770 abhorreat.
893 1703 955 1770 Sed
990 1704 1075 1785 quod
1103 1703 1275 1770 Hermanni
1305 1703 1434 1786 Bergkii
1464 1701 1614 1770 Mainelrii
1647 1703 1844 1769 coniecturas

251 1819 373 1901 evertit,
396 1819 455 1888 hoc
478 1829 535 1889 est.
580 1823 774 1890 Ravennatis
797 1825 973 1908 scripturae
995 1819 1113 1888 τάλαιν’
1137 1821 1238 1906 ἔγωγε
1261 1826 1317 1910 τῆς
1339 1821 1470 1909 ὕβρεως
1491 1829 1658 1907 postquam
1679 1823 1843 1890 Dobraeus

251 1939 328 2005 ll'dv.
352 1940 384 2007 Il
406 1961 436 2024 p.
461 1947 522 2008 333
544 1943 682 2010 Alexidis
707 1964 756 2027 ap.
775 1945 890 2011 Athen.
906 1945 953 2012 XI
978 1966 1008 2029 p.
1026 1950 1086 2010 481
1104 1945 1130 2010 F
1146 1945 1246 2030 (Com.
1264 1941 1315 2009 ΙΙΙ
1329 1963 1360 2028 p.
1377 1944 1452 2026 422)
1468 1944 1677 2026 fragmentum
1693 1941 1738 2010 ita
1753 1943 1843 2009 resti·

251 2062 321 2142 tuit,
344 2066 380 2127 ut
395 2079 478 2134 nunc
491 2063 621 2145 legatur
642 2063 833 2128 ὧτάλαιν’
857 2063 934 2147 ἐγὼ
957 2069 1094 2147 κακῶν,
1119 2084 1157 2131 ex
1179 2071 1247 2131 tota
1270 2066 1429 2132 comoedia
1451 2066 1549 2130 attica
1570 2083 1633 2130 non
1655 2062 1726 2131 novi
1748 2081 1843 2145 quem

249 2180 350 2248 locum
366 2199 548 2265 comparare
562 2185 681 2266 possim
695 2191 822 2268 praeter
837 2186 1001 2252 Menandri
1017 2185 1102 2254 Cum.
1120 2183 1167 2251 IV
1183 2197 1214 2269 p:
1226 2191 1288 2251 244
1304 2205 1351 2251 nr.
1366 2191 1406 2250 85
1429 2183 1537 2271 οἴμοι
1559 2185 1680 2254 τάλας
1701 2181 1840 2267 ἔχαιρε·

250 2303 308 2365 ποῦ
335 2301 413 2367 nod’
441 2305 472 2366 ai
501 2303 617 2390 φρένες
645 2306 705 2368 κτλ.
752 2304 815 2372 Sed
844 2306 895 2372 bic
924 2305 1020 2376 τάλας
1051 2303 1152 2390 ἔγωγε
1181 2305 1370 2373 dictumest
1397 2325 1455 2388 pro
1479 2305 1574 2375 τάλας
1602 2303 1673 2389 elui,
1695 2323 1766 2371 cum
1787 2301 1841 2370 illu

247 2422 332 2490 Pluti
355 2424 423 2491 loco
446 2424 679 2492 exclamationis
701 2427 983 2494 luculentissimum
1005 2428 1128 2510 signnm
1150 2427 1314 2510 genetivus
1336 2428 1558 2509 subsequatur.
1590 2427 1702 2510 ltaque
1717 2444 1774 2510 par
1790 2432 1841 2492 est

249 2539 393 2607 τάλαιν’
417 2543 492 2628 ἐγὼ
521 2549 589 2634 τῆς
611 2545 767 2633 ὕβρεως
788 2549 851 2615 dici
873 2568 911 2615 ex
933 2535 1136 2616 similitudine
1158 2549 1241 2614 illius
1257 2535 1396 2614 Alexidis
1412 2554 1445 2615 et
1460 2549 1572 2614 borum
1586 2548 1741 2614 locorum:
1765 2547 1838 2630 Lys.

249 2669 310 2730 735
333 2663 480 2730 τάλαιν’
504 2665 580 2750 ἐγὼ
602 2668 768 2732 τάλαινα
791 2673 858 2757 τῆς
879 2669 1099 2756 άμυργίιλος
1116 2671 1153 2758 ἣν
1176 2669 1292 2734 ἄλοπον
1314 2669 1390 2734 οἴκοι
1405 2663 1599 2754 καταλέλοιφ’
1617 2667 1739 2734 erden.
1758 2671 1840 2732 1210

249 2785 369 2856 τάλας
389 2785 461 2869 ἐγὼ
484 2785 688 2878 ξυμβολῆς
707 2789 894 2875 βαρείας,
918 2790 1032 2872 quibus
1057 2789 1278 2874 Aristophanis
1301 2791 1377 2857 locis
1401 2790 1483 2856 addo
1505 2787 1667 2872 Euripidis
1689 2786 1837 2854 Androm.

250 2904 373 2972 11790'»
396 2907 578 2996 σχέτλιος
599 2906 760 2972 παιλέιυν
782 2909 856 2993 ἐγώ
879 2907 918 2975 cl.
935 2910 989 2975 Ar.
1004 2908 1128 2976 Thestii.
1146 2917 1207 2977 559
1223 2907 1339 2975 τάλαιν’
1362 2909 1442 2994 ἐγώ·
1466 2910 1627 2996 φλυαρεῖς,
1643 2913 1705 2976 690
1720 2907 1839 2973 τάλαιν’

247 3027 309 3111 ἐγὼ
337 3027 481 3104 τάλαινα,
506 3029 611 3094 καὶτὸ
641 3028 760 3094 παιδίον
790 3029 975 3116 ἐξαρπάσας
1000 3053 1054 3113 μοι
1083 3029 1227 3117 φροῦδος
1252 3029 1391 3094 ἀπὸτοῦ
1420 3027 1550 3109 τιτθίου,
1574 3034 1635 3097 695
1665 3027 1692 3094 ὦ
1720 3025 1837 3094 τάλαιν’

246 3145 321 3231 ἐγώ.
345 3153 488 3232 γυναῖκες
509 3149 565 3212 οὐκ
579 3147 726 3238 άρῆξετ’;
751 3155 834 3218 1038
850 3149 877 3214 ὦ
900 3151 997 3221 τάλας
1009 3150 1072 3235 ἐγὼ
1089 3151 1194 3227 τάλας,
1209 3150 1380 3234 Theognet.
1397 3149 1482 3218 Com.
1500 3147 1546 3216 lv
1560 3170 1591 3234 p.
1609 3153 1680 3215 549.
1695 3168 1724 3214 v.
1750 3156 1768 3214 5
1790 3165 1836 3231 sq.

246 3265 272 3330 ὦ
296 3267 392 3338 τάλας
414 3267 488 3352 ἐγώ,
512 3269 569 3356 υλῳ
589 3265 625 3354 μ’
649 3271 667 3332 5
689 3267 809 3356 δαίμων
832 3270 999 3359 φιλυσάφφ
1021 3265 1201 3358 συνῴκισεν.
1240 3271 1328 3351 Quae
1343 3289 1414 3338 cum
1436 3271 1483 3337 ita
1504 3271 1576 3353 siut,
1592 3270 1670 3336 nihil
1685 3269 1837 3338 relicuum

245 3393 295 3454 est
316 3389 375 3454 nisi
398 3395 434 3454 ut
456 3389 629 3457 scribamus
652 3409 722 3458 cum
745 3388 932 3459 editoribus:

697 3507 813 3576 τάλαιν’
837 3511 900 3594 ἐγὼ
923 3515 979 3600 τῆς
1001 3511 1121 3599 ὕβρεος
1141 3514 1181 3602 ἧς
1202 3510 1378 3599 ὑβρίζομαι.

245 3628 443 3698 Credendum
480 3630 578 3713 igitur
619 3635 667 3697 est
700 3635 734 3698 et
766 3632 949 3698 aucuritati
990 3632 1131 3698 codicum
1165 3639 1198 3698 et
1232 3637 1340 3698 nostro
1375 3631 1491 3698 iudicio
1524 3631 1766 3715 Aristophanem
1798 3637 1836 3699 ut

244 3753 276 3818 in
298 3752 417 3820 melicis
446 3753 639 3822 carminibus
666 3753 712 3819 sie
738 3752 834 3818 etiam
856 3752 888 3816 in
911 3751 969 3816 hoc
999 3752 1141 3817 trimetro
1163 3751 1297 3818 iambico
1319 3751 1400 3816 banc
1423 3753 1559 3833 genetivi
1582 3753 1613 3818 in
1637 3787 1678 3800 -
1699 3774 1754 3822 εος
1773 3751 1834 3819 lor·

242 3889 326 3939 marn
344 3873 514 3941 admodum
538 3873 731 3942 commodam
747 3873 920 3952 admisisse,
943 3891 1006 3955 qua
1021 3872 1076 3939 bis
1092 3871 1237 3938 Eubulus
1253 3888 1330 3937 usus
1352 3877 1401 3938 eet
1423 3871 1456 3937 in
1471 3871 1580 3956 paucis
1595 3869 1656 3937 illis
1672 3873 1833 3955 trimetris,

242 3997 297 4077 qui
324 3996 415 4062 nobis
443 3994 561 4061 serrati
589 4001 672 4076 sunt,
696 3993 781 4062 Com.
805 3993 857 4060 III
878 4013 908 4076 p.
932 3997 995 4059 238
1024 3995 1135 4056 πασῶν
1168 3991 1291 4056 διώκειν
1320 3991 1484 4080 ὕβρεος,
1508 3991 1544 4055 od
1567 3990 1669 4056 πόθου
1684 3993 1781 4082 χάριν
1801 3999 1834 4058 et

242 4133 271 4198 p.
296 4119 358 4182 263
382 4117 438 4204 τῆς
458 4114 597 4186 πόλεος
619 4115 840 4204 ἀπεχώρησαν,
870 4113 909 4203 ἧς
930 4112 1011 4177 ελλον
1034 4112 1113 4177 τάτε.

183 4307 190 4318 ,
344 4235 401 4302 Sat
422 4236 530 4303 multis
553 4235 628 4302 locis
650 4237 792 4302 homines
815 4233 1011 4301 doctissimos
1039 4233 1231 4300 Ravennatis
1261 4234 1448 4300 auctoritate
1470 4233 1586 4300 abusos
1611 4250 1681 4300 esse
1703 4232 1831 4299 demon-

241 4362 376 4424 stratum
399 4363 463 4440 est;
492 4361 593 4424 restat
620 4361 657 4423 ut
679 4355 802 4423 duobus
828 4354 907 4421 locis
935 4351 1003 4437 lpse
1030 4371 1081 4421 me
1108 4354 1305 4436 redarguam.
1350 4352 1494 4436 Namque
1515 4371 1544 4418 v.
1568 4357 1631 4419 258
1654 4341 1725 4418 cum
1746 4354 1831 4436 apud

240 4471 458 4546 Tbierschiuin
479 4477 694 4545 Ravennatem
716 4475 799 4541 ἐστιν
821 4475 966 4542 omittere
988 4474 1173 4541 adnotatum
1194 4474 1381 4541 muenissem
1402 4492 1461 4559 pro
1482 4474 1613 4556 vulgata
1633 4473 1787 4541 lectione:

620 4597 667 4668 άις
688 4597 769 4669 siud<
789 4597 872 4662 ἐστιν
894 4595 1041 4667 ἀσθενεῖς
1061 4595 1213 4684 γέροντας
1234 4595 1354 4683 ἄνδρας
1375 4594 1436 4684 ἤδη

239 4705 334 4787 aliam
356 4717 542 4788 emendandi
564 4719 647 4786 riam
669 4737 706 4786 ac
728 4717 914 4800 Meinekius,
936 4718 992 4802 qui
1013 4716 1109 4788 άντας
1128 4715 1190 4806 ἤδη
1212 4717 1338 4802 scripsit
1360 4716 1411 4801 (ci.
1434 4716 1526 4784 Vind.
1549 4735 1579 4800 p.
1604 4717 1691 4800 210),
1711 4715 1831 4799 ingres-

239 4849 294 4908 sus
316 4840 514 4908 scribendum
535 4839 702 4926 proposui:

570 4971 575 4991 ⁸
608 4961 655 5031 ὡς
677 4960 758 5031 siud<
778 4958 892 5029 ὄντας
913 4957 1060 5028 άσιλενεῖς
1080 4957 1232 5044 γέροντας
1253 4957 1372 5044 ἄνδρας
1392 4955 1453 5046 ἤδη

236 5085 300 5152 vid.
345 5084 393 5150 De
414 5083 491 5149 Rau.
517 5087 550 5149 et
571 5082 649 5150 Van.
671 5100 702 5164 p.
721 5085 761 5147 35
776 5099 823 5162 sq.
846 5085 879 5148 et
901 5078 1005 5147 Goett.
1029 5079 1089 5162 gel.
1114 5072 1192 5145 dnn.
1213 5081 1293 5144 1866
1316 5097 1346 5161 p.
1373 5082 1443 5158 158,
1465 5077 1520 5143 ubi
1542 5094 1623 5160 quae
1644 5075 1757 5158 scripsi
1779 5073 1824 5138 eia

234 5221 322 5271 nunc
345 5203 423 5270 nibil
449 5203 561 5286 babeo,
583 5202 668 5284 quod
690 5201 820 5276 addam3
850 5199 935 5284 qnod
964 5217 1128 5284 opponam,
1152 5199 1260 5266 babeo.
1306 5199 1471 5267 Geminum
1494 5197 1576 5262 enim
1598 5197 1700 5352 locum
1722 5194 1826 5261 inveni
