4716 6098
1116 741 1136 803 3

334 943 494 1012 codicibus
517 945 559 1011 sit
579 944 727 1028 praesidii
749 943 957 1011 coniecturam
981 945 1069 1026 prius
1090 945 1216 1029 pariant
1238 963 1332 1026 quam
1347 965 1428 1030 quae
1443 947 1590 1031 leguntur
1605 955 1753 1034 corrupta
1773 969 1849 1028 esse,
1865 951 1917 1020 de·

332 1071 541 1132 monstratum
564 1065 614 1132 sit.
652 1067 720 1146 Quo
744 1064 860 1132 lactum
883 1069 940 1146 est
965 1072 1002 1132 ut
1023 1086 1085 1133 uon
1101 1066 1212 1142 solum,
1227 1067 1312 1150 quod
1327 1065 1505 1134 facillimum
1522 1075 1571 1136 est
1587 1090 1625 1136 cx
1640 1071 1798 1138 codicibus
1814 1091 1916 1139 emen·

333 1187 427 1253 dandi
449 1206 564 1270 ganne,
586 1187 682 1254 anius
704 1186 819 1254 codicis
840 1187 973 1254 lectione
994 1187 1109 1280 iniuria
1130 1192 1290 1253 mutarent
1312 1193 1486 1254 ceterorum
1509 1191 1662 1270 omnium,
1685 1211 1794 1259 verum
1818 1196 1913 1262 etiarn

331 1308 456 1392 longius
477 1291 636 1393 progressi
655 1308 740 1374 haud
763 1327 835 1376 raro
857 1308 946 1375 cuius
969 1307 1084 1374 codicis
1106 1308 1281 1391 scripturae
1303 1309 1415 1376 ceteris
1444 1309 1549 1376 insitis
1572 1330 1666 1377 unam
1688 1317 1809 1394 partam
1833 1333 1913 1380 com-

331 1429 516 1512 probabant,
539 1428 679 1494 eiusdem
700 1429 853 1512 reliquam
875 1447 946 1495 cum
969 1429 1081 1495 ceteris
1096 1433 1319 1512 congruentem
1341 1449 1379 1496 ex
1394 1431 1574 1497 coniectura
1591 1432 1683 1498 simul
1699 1434 1910 1502 immutarent.

331 1551 469 1630 Quorum
497 1555 643 1616 neutrum
671 1550 703 1616 id
729 1555 794 1629 est,
821 1549 905 1630 quod
927 1548 995 1615 fieri
1018 1549 1141 1614 omnino
1164 1569 1225 1615 ιιοιι
1257 1549 1386 1627 debeat,
1416 1551 1478 1636 sed
1500 1569 1589 1618 nemo
1612 1554 1674 1620 crit
1702 1554 1777 1635 quin
1799 1556 1916 1623 sentiat

331 1671 464 1738 alterum
486 1688 585 1754 genus
607 1671 705 1738 multo
728 1671 823 1737 etiam
845 1671 994 1736 maiorem
1017 1670 1191 1738 cautionem
1214 1671 1331 1738 habere
1352 1672 1465 1755 priore.
1511 1674 1623 1755 Itaque
1645 1677 1915 1759 operaepretium

331 1810 400 1859 esse
422 1793 557 1868 videtur,
580 1791 760 1874 diligentius
782 1792 981 1875 investigare,
1003 1809 1080 1858 num
1103 1791 1180 1874 quid
1210 1793 1242 1856 in
1264 1791 1323 1857 hoc
1345 1811 1460 1874 genere
1483 1793 1623 1861 honines
1646 1796 1744 1862 critici
1767 1795 1799 1862 in
1820 1797 1914 1864 Pluto

329 1914 535 1997 peccaverint.

421 2035 466 2101 Ut
486 2034 621 2116 primum
644 2034 683 2102 de
703 2034 749 2102 eis
771 2033 865 2102 variis
887 2033 1073 2101 lectionibus
1096 2033 1257 2114 disseram,
1281 2051 1362 2118 quaa
1376 2035 1567 2104 &vennatis
1589 2041 1622 2104 et
1638 2035 1751 2106 Veneti
1773 2055 1910 2106 commn-

328 2173 384 2222 nes
406 2161 489 2232 sunt
512 2173 540 2222 v.
565 2159 627 2222 695
650 2151 771 2220 ἔπειτ’
794 2154 930 2244 ἐπειδὴ
950 2133 1096 2240 μεστός
1116 2154 1162 2244 ἦν
1182 2154 1436 2244 ἀνεπαυόμην
1459 2161 1592 2240 uterque
1612 2159 1709 2226 codex
1723 2178 1781 2242 pro
1797 2165 1915 2228 cetero·

328 2295 398 2344 rum
427 2275 635 2364 ἀνεπαυόμην,
664 2277 748 2360 quod
775 2277 914 2343 Venetus
942 2275 1124 2342 nivariam
1151 2277 1316 2344 lectionem
1344 2277 1486 2344 additum
1508 2277 1612 2355 habet,
1642 2278 1912 2368 ἀνεπαλλόμην

328 2397 462 2464 exhibet.
505 2397 574 2463 Hoc
596 2398 734 2472 verbum,
758 2396 841 2478 quod
864 2413 946 2463 uuus
968 2396 1123 2481 Bargkius
1145 2398 1272 2481 recepit
1294 2398 1492 2465 intolerabile
1523 2417 1593 2466 esse
1621 2399 1797 2468 Meinekiua
1820 2403 1911 2469 Viud.

329 2517 486 2600 Aristoph.
509 2537 538 2602 p.
564 2523 625 2584 214
655 2518 792 2585 breviter
818 2519 867 2584 his
890 2519 993 2585 verbis
1014 2518 1177 2584 indicarit:
1208 2517 1330 2596 »Caria
1353 2519 1406 2602 qui
1429 2538 1474 2586 vs.
1501 2523 1561 2586 683
1586 2519 1644 2603 (sic
1666 2521 1748 2588 enim
1775 2523 1928 2600 scribam,

328 2637 402 2704 dum
425 2639 487 2722 est)
509 2644 698 2718 surrexerat,
723 2657 806 2706 nuuc
827 2639 896 2705 cibo
918 2639 1057 2722 repletus
1080 2657 1191 2706 rursus
1206 2640 1389 2723 requievit“‚
1406 2659 1500 2725 qnam
1515 2642 1702 2708 sententiam
1717 2644 1910 2711 verissimam

328 2759 423 2826 etiam
445 2759 678 2828 Haimsoethins
699 2762 768 2828 Iud.
791 2762 862 2828 leot.
886 2762 984 2829 Bonu.
1008 2761 1127 2829 hibern.
1147 2764 1227 2828 1866
1242 2779 1272 2844 p.
1288 2761 1352 2826 XII
1367 2765 1495 2828 secutus
1517 2767 1575 2828 est
1613 2763 1646 2828 ls
1667 2751 1772 2830 autem
1794 2765 1911 2832 Meina-

325 2879 420 2957 lrinm‚
443 2879 496 2962 qui
519 2879 719 2970 ἀνεπαυόμην
741 2881 868 2964 recepit,
892 2881 1102 2966 reprehendit
1119 2882 1204 2965 quod
1227 2901 1288 2950 nou
1304 2881 1489 2966 patefecerit
1503 2883 1609 2950 variae
1632 2882 1665 2949 iu
1680 2885 1806 2968 optimis
1820 2885 1910 2952 libris

327 3001 469 3068 lectionis
491 3000 657 3087 originem3
680 3003 826 3070 nimirum
849 3001 1049 3092 ἀνεπαυόμην
1071 3004 1361 3086 interpretationem
1384 3021 1453 3070 essa
1468 3004 1552 3071 vocis
1573 3004 1605 3070 in
1628 3003 1686 3072 hac
1708 3024 1743 3072 re
1764 3007 1909 3090 propriae

328 3123 507 3188 ἀνεκλινό
512 3146 603 3211 μην,
622 3143 659 3192 ax
674 3140 738 3206 qna
748 3125 906 3192 residuam
919 3125 1057 3192 litteram
1073 3123 1090 3188 λ
1104 3123 1383 3207 interpretamento
1395 3124 1560 3191 admistam
1572 3123 1757 3192 vocabulum
1770 3125 1909 3194 effecisse

327 3243 502 3310 contrariae
516 3241 766 3326 significationis3
789 3263 826 3312 ac
839 3245 971 3312 conlerri
983 3263 1075 3328 posse
1088 3245 1221 3327 Hesych.
1234 3244 1309 3308 ἀνά
1315 3245 1449 3321 κλισιν,
1462 3245 1643 3310 ἀνάπαυσιν.
1657 3245 1743 3314 Suid.
1757 3246 1908 3312 ἀνάκλι-

326 3387 402 3441 οις,
424 3363 605 3436 ἀνάπαυσις.
630 3352 844 3449 811111111811111
858 3365 926 3432 vult
940 3363 1039 3430 ἔπειτ’
1059 3365 1165 3454 ἐπειδὴ
1178 3366 1297 3451 μεστός
1312 3365 1349 3455 ἧν
1364 3365 1633 3456 ἀνεκλινόμην,
1649 3368 1910 3450 quamadmodum

327 3485 450 3568 legatur
464 3485 555 3552 Hom.
579 3486 629 3553 od.
646 3483 701 3564 IX,
718 3491 777 3552 371
802 3485 821 3575 η
846 3487 893 3550 καὶ
915 3484 1163 3557 ἀνακλινθεὶς
1185 3487 1278 3552 πέσεν
1301 3485 1410 3560 ὕπτιος
1430 3491 1462 3553 et
1483 3488 1516 3552 iu
1538 3486 1654 3556 Eubuli
1668 3487 1844 3574 fragmento
1859 3509 1909 3573 ap.

327 3603 440 3672 Athen.
462 3605 531 3672 XV.
548 3623 578 3686 p.
603 3609 664 3672 685
688 3625 705 3672 c
728 3605 826 3688 (Com.
843 3607 936 3689 111p.
953 3611 1025 3688 258,
1042 3604 1076 3692 2)
1099 3607 1145 3678 ὡς
1166 3607 1226 3694 γὰρ
1251 3605 1377 3698 ελοῆλόε
1400 3609 1438 3673 τὰ
1459 3608 1604 3695 γερόντια
1626 3608 1691 3674 τότ’
1715 3610 1760 3681 sic
1781 3609 1908 3694 δόμους,

325 3722 420 3796 eiii<
442 3724 680 3790 ἀνεκλίνετο.
714 3728 757 3794 At
778 3728 937 3795 sciendum
961 3733 1018 3809 est,
1040 3727 1124 3796 liunc
1146 3729 1263 3796 Eubuli
1284 3730 1386 3796 locum
1410 3731 1448 3796 eir
1470 3729 1616 3796 universa
1631 3729 1791 3796 comoedia
1812 3729 1910 3798 attica

325 3846 426 3916 solnm
449 3865 527 3928 esse,
550 3849 605 3916 ubi
627 3847 844 3913 ἀναιλίνεσόαι
865 3851 995 3917 verbum
1017 3849 1203 3916 inveniatur.
1249 3849 1352 3929 Quid?
1375 3849 1459 3931 quod
1480 3849 1572 3915 valde
1594 3849 1669 3915 mihi
1691 3849 1843 3933 probatur
1864 3851 1907 3918 ibi

324 3967 569 4034 κατεκλίνετο
592 3971 791 4038 scribendum
813 3989 892 4048 esse,
915 3972 998 4055 quod
1020 3969 1261 4038 usitatissimum
1283 3971 1323 4036 de
1337 3969 1549 4038 accumbendo
1572 3970 1604 4036 iu
1620 3970 1760 4037 convivio
1775 3972 1906 4038 verbum

324 4095 381 4170 est,
404 4057 443 4156 ci.
466 4090 543 4156 Aah.
568 4094 639 4156 981.
664 4091 757 4174 Vesp.
790 4095 873 4158 1208
900 4091 978 4154 ἀλλὰ
1009 4091 1098 4179 δευρὶ
1121 4092 1306 4162 κατακλινεὶς
1328 4089 1532 4178 πμομόνόανε
1560 4091 1744 4175 ξυμποτικὸς
1764 4090 1840 4156 εἶναι
1861 4092 1909 4156 καὶ

323 4209 582 4310 ξυνουσιαστικός,
606 4211 689 4278 uude
710 4211 911 4295 intellegitur,
934 4231 990 4280 cur
1011 4213 1239 4280 Demosthenes
1260 4214 1340 4295 Equ.
1365 4217 1406 4278 98
1429 4212 1535 4279 vinum
1556 4211 1714 4280 bibiturus
1737 4212 1822 4279 dicat
1843 4211 1905 4295 ἐγὼ

264 4321 265 4326 ¹
324 4331 360 4397 δὲ
381 4332 646 4422 κατακλινήσομαι,
670 4331 787 4416 Sophil.
812 4332 963 4400 00111.ΙΙΙ
985 4351 1016 4416 p.
1041 4339 1098 4400 581
1124 4333 1165 4398 ἵν’
1189 4333 1254 4397 ἐκεῖ
1273 4331 1465 4402 κατακλιθεὶς
1492 4332 1597 4415 (scrib.
1622 4333 1821 4416 κατακλινεὶς)
1844 4331 1904 4396 ἐπι·

324 4451 508 4542 όομπίοηται
531 4453 587 4523 τὰς
608 4452 711 4525 όνείας
729 4452 878 4539 ματτύας.
906 4455 984 4522 Xeu.
1008 4452 1178 4537 00111111,
1201 4461 1230 4521 8.
1257 4460 1305 4521 13.
1328 4455 1371 4536 II,
1394 4454 1482 4538 23⁴¹).
1511 4451 1754 4518 Κακακλόνεοόαι
1776 4454 1906 4521 verbum

308 4572 458 4646 ¹fortusse
480 4574 575 4641 etiam
598 4593 617 4640 a
640 4573 773 4642 Carioue
795 4595 823 4642 ι.
848 4581 910 4642 695
932 4579 1018 4642 recte
1040 4580 1248 4660 usurparetur
1269 4575 1308 4643 ci.
1324 4575 1473 4660 Hyperid.
1496 4572 1616 4642 Euxen.
1641 4594 1666 4641 c.
1691 4581 1741 4639 27.
1765 4575 1782 4638 ό
1806 4573 1907 4662 δῆμος

285 4701 290 4710 ’
323 4693 515 4782 προσέταξεν
539 4695 721 4783 Εὐξενίππῳ
743 4695 836 4783 τμὶτῳ
859 4696 947 4783 carp
968 4695 1221 4784 ἐγκατακλιθῆναι
1243 4697 1286 4768 ελς
1311 4699 1345 4761 τὸ
1366 4696 1467 4784 λεμόνς
1495 4697 1551 4764 sed
1573 4697 1726 4781 optimum
1749 4696 1903 4778 estquod

322 4815 493 4882 deteriores
521 4817 594 4884 libri
621 4820 840 4899 servaverunt,
869 4813 1084 4882 ἀναπαύεσθαι
1099 4817 1237 4898 verbum,
1260 4817 1345 4898 quod
1372 4819 1413 4884 de
1433 4817 1655 4899 requiescendo
1678 4837 1716 4884 ex
1737 4835 1834 4885 coena
1855 4816 1902 4884 vel

393 5009 421 5074 ⁴)
438 5007 575 5060 Luciannm
594 5007 677 5075 ipsum
695 5005 735 5058 vel
754 5006 897 5074 quicunque
914 5005 980 5058 alins
997 5007 1074 5059 huius
1092 5007 1178 5074 scripti
1195 5015 1280 5059 auctor
1297 5013 1343 5069 cat,
1361 5023 1411 5059 non
1429 5007 1543 5060 librarios
1567 5007 1709 5077 peccavisse
1721 5007 1829 5060 Cobetua
1848 5006 1900 5059 obs.

322 5111 376 5164 crit.
400 5129 426 5178 p.
452 5112 511 5166 ael.
535 5111 585 5167 319
611 5109 748 5163 rectissime
774 5108 903 5162 contendit
923 5109 984 5162 Luc.
1008 5111 1033 5175 ³,
1051 5111 1095 5163 nbi
1117 5111 1181 5164 haec
1202 5111 1332 5180 leguntur:
1370 5108 1413 5161 καὶ
1437 5107 1619 5182 όἽπτιαμχός
1640 5127 1676 5175 με
1702 5109 1902 5172 δεξιωσάμενος

322 5211 430 5267 ἐκέλευε
449 5211 766 5267 ουνανακλίνεσόαι
783 5211 846 5276 μετ’
865 5214 959 5268 αὐτοῦ.
978 5214 1009 5265 τό
1029 5213 1058 5265 δὲ
1078 5213 1185 5266 δεῖπνον
1203 5213 1235 5266 οὐ
1253 5213 1361 5285 οφόάμα
1378 5213 1458 5273 λιςόν.

1698 5301 1735 5358 1*
