4716 6098
1246 683 1289 746 44

1166 767 1367 782 w

884 881 968 968 οἶμαι
988 883 1050 970 γδμ
1072 883 1157 970 οἶμαι
1178 884 1235 949 σὺν
1257 880 1331 970 θεῷ
1352 879 1384 947 δ’
1408 882 1567 973 εἰρήσεται

884 1003 999 1092 ταύτης
1020 1004 1209 1078 ἀπαλλάξειν
1231 1027 1269 1068 οε
1291 1001 1552 1094 ιῆςδφδαλμίας,

474 1123 589 1190 Plutus
609 1123 814 1206 respondeat:

881 1241 999 1329 βλέψαι
1021 1242 1172 1331 ποιηααςγ
1192 1243 1352 1332 μηδαμῶς
1373 1241 1456 1311 τοῦτ’
1481 1243 1619 1335 ὲμγάαη·

884 1361 921 1426 οὐ
941 1362 1097 1448 βούλομαι
1118 1363 1179 1450 γὰμ
1202 1363 1291 1429 πάλιν
1313 1363 1499 1450 ἀναβλέψαι.

475 1483 575 1564 Quam
598 1484 809 1550 coniecturam
830 1481 949 1564 aliquid
972 1485 1248 1551 commendationis
1270 1485 1387 1553 habere
1408 1487 1611 1569 Kappeynins
1633 1487 1782 1569 adnotat;
1814 1505 1873 1572 ego
1893 1487 1943 1554 his
1966 1488 2064 1556 homi·

477 1605 572 1672 nibus
595 1604 784 1673 doctissimis
806 1605 962 1671 adsentiri
984 1623 1047 1670 non
1067 1623 1205 1687 possum.
1238 1605 1379 1672 Primum
1402 1606 1486 1673 euim
1507 1607 1648 1690 intellegi
1669 1607 1797 1688 quidem
1811 1612 1968 1692 poterant,
1983 1628 2065 1692 quae

475 1745 504 1792 v.
530 1731 590 1792 115
613 1725 799 1810 Chremylus
821 1724 913 1792 dicit:
936 1725 1051 1813 ταύτης
1072 1725 1259 1800 ἀπαλλάξειν
1282 1748 1320 1790 σε
1342 1731 1398 1814 τῆς
1420 1725 1608 1814 δφδαλμίας,
1630 1727 1688 1808 sed
1711 1733 1797 1794 recte
1818 1728 1846 1792 is
1868 1727 1954 1810 lacit,
1977 1727 2062 1810 quod

477 1849 573 1932 paulo
602 1847 731 1915 uberius
756 1865 794 1914 ac
816 1847 943 1932 grauius
965 1848 1161 1931 praeclarum
1189 1847 1268 1914 illud
1297 1845 1419 1914 lacinus
1454 1846 1624 1931 significat,
1654 1849 1739 1932 quod
1767 1849 1976 1932 adgressurus
2005 1854 2064 1916 est

477 1969 598 2036 Deinde
621 1969 771 2036 lleinekii
793 1969 951 2051 scriptura
972 1967 1048 2034 milri
1070 1986 1131 2034 non
1152 1986 1285 2060 ¹prorsus
1318 1987 1390 2035 cum
1419 1968 1639 2051 Aristophanis
1661 1966 1785 2036 dicendi
1806 1986 1869 2036 usu
1891 1987 2065 2052 congruere

478 2089 613 2166 videtur,
634 2089 690 2172 qui
711 2089 819 2156 addito
834 2089 962 2171 quidem
976 2088 1159 2172 pronomine
1173 2089 1399 2171 interrogativo
1422 2089 1495 2155 novi
1509 2088 1598 2156 verbi
1612 2089 1816 2172 participium
1837 2090 1870 2157 in
1891 2089 2065 2174 interroga-

478 2211 565 2276 tione
592 2211 688 2277 rerbo
716 2208 804 2276 linito
826 2209 903 2276 orba
925 2209 1012 2275 haud
1032 2227 1104 2276 raro
1125 2213 1269 2292 usurpat,
1298 2214 1335 2274 nt
1357 2209 1439 2276 Plut.
1463 2212 1524 2276 907
1547 2226 1594 2291 sq.
1617 2208 1678 2274 τῶν
1702 2213 1758 2298 τῆς
1779 2209 1902 2283 πόλεώς
1922 2205 1983 2294 εἰμ’
2006 2208 2067 2276 ἐτι

475 2331 614 2420 μελητης
634 2334 826 2418 πραγμάτων
848 2332 897 2395 καὶ
919 2331 981 2396 τῶν
1003 2329 1089 2394 ἰδίων
1114 2330 1249 2407 πάντων,
1271 2365 1312 2378 -
1336 2329 1385 2406 σύ,
1408 2328 1438 2395 τί
1457 2327 1586 2411 παδῶν;
1608 2330 1835 2416 -βούλομαι,
1858 2330 1897 2398 of.
1921 2331 1998 2398 sch.
2025 2337 2066 2398 46

479 2451 523 2522 τίς
544 2449 603 2526 dorm
628 2456 691 2518 914
713 2450 743 2517 τί
761 2450 972 2538 ἀδικειμένος;
993 2445 1076 2534 Equ.
1092 2456 1152 2517 741
1178 2451 1207 2516 τί
1226 2450 1331 2538 δρῶνς
1353 2451 1436 2519 Nub.
1452 2456 1514 2518 893
1538 2449 1583 2522 τίς
1603 2448 1669 2536 ὤνγ
1691 2456 1754 2518 895
1777 2451 1807 2515 τί
1825 2453 1927 2538 σοφὸν
1949 2449 2067 2534 παιιιῖνγ

479 2575 541 2639 900
565 2570 593 2635 τί
613 2576 727 2654 aaron
748 2573 826 2639 Ran.
851 2578 889 2638 'tl
915 2571 1172 2657 τίβοολόμενοςγ
1203 2590 1265 2638 non
1287 2570 1395 2638 addito
1423 2571 1608 2654 pronomine
1629 2571 1856 2656 interrogativo
1885 2591 1949 2640 non
1978 2592 2068 2640 usur-

477 2695 543 2775 pat,
565 2693 626 2758 nisi
655 2711 693 2760 ex
714 2693 864 2776 proximis
897 2693 1001 2760 serbis
1037 2691 1206 2775 repetitum
1233 2697 1269 2758 ut
1294 2692 1378 2758 Plut.
1402 2695 1464 2758 463
1492 2691 1529 2755 σὲ
1556 2695 1682 2778 πρῶτον
1722 2691 1912 2776 ἐκβαλόντες
1943 2692 1979 2756 ἐκ
2012 2698 2069 2782 τῆς

474 2808 630 2882 Ἑλλάδος.
653 2847 695 2859 -
718 2809 770 2896 ἔμ’
793 2811 997 2894 ἐκβαλόντες,·
1020 2813 1068 2876 καὶ
1090 2811 1120 2875 τί
1139 2810 1177 2876 δν
1199 2813 1261 2876 κτλ.
1306 2810 1455 2880 Ceterum
1480 2809 1638 2899 μηδαμῶς
1666 2829 1738 2878 cum
1767 2812 1853 2896 apud
1883 2812 2068 2897 Aristopha-

479 2949 551 3000 nem
575 2939 608 3000 et
629 2933 661 2998 in
677 2931 873 3000 Comicorum
895 2938 1060 3014 poetarum
1082 2932 1276 3017 fragmentis,
1299 2932 1360 2998 nisi
1382 2931 1483 3012 lallor,
1507 2932 1624 3016 septies
1653 2933 1757 3000 decies
1779 2933 1812 2999 in
1833 2934 1976 3017 responsi
1997 2951 2069 3016 gra·

477 3055 560 3120 riter
581 3054 727 3137 negantis
749 3054 799 3122 vel
820 3054 996 3122 recusantis
1018 3054 1068 3121 rel
1090 3054 1287 3135 deprecantis
1309 3052 1398 3120 initio
1421 3053 1600 3139 (1011297.
1619 3057 1690 3122 324.
1710 3059 1781 3122 590.
1805 3053 1888 3122 Nub.
1905 3058 1947 3120 84
1969 3054 2063 3138 Vesp.

479 3179 552 3240 854.
586 3177 676 3239 1164.
708 3176 800 3238 1211.
832 3177 924 3240 1252.
953 3174 1026 3241 Pac.
1056 3177 1127 3240 385.
1159 3177 1230 3240 926.
1263 3178 1355 3240 1260.
1383 3173 1442 3240 Av.
1473 3178 1543 3239 145.
1572 3173 1646 3257 Lys.
1676 3177 1748 3240 822.
1782 3176 1853 3240 916.
1885 3173 1963 3240 Ran.
1989 3178 2061 3240 581.

478 3293 563 3361 Eccl.
588 3297 659 3360 502.
682 3293 770 3378 060.)
793 3312 854 3360 usu
876 3294 990 3376 ueniet,
1013 3293 1109 3362 semel
1131 3299 1254 3384 tantum
1281 3294 1329 3361 ita
1356 3298 1543 3378 usurpatur,
1573 3298 1610 3360 ut
1638 3310 1720 3377 quaa
1749 3297 1844 3360 anteo
1872 3293 2063 3376 dictasunt,

478 3415 566 3484 brevi
588 3415 831 3498 interrogatione
852 3415 1076 3498 comprehensa
1096 3419 1280 3499 repetentur
1301 3433 1340 3482 ac
1360 3418 1427 3482 tum
1450 3415 1577 3482 demum
1595 3413 1754 3503 μηδαμῶς
1774 3413 1939 3482 inferatur.
1987 3413 2065 3482 Dico

477 3536 551 3604 Pac.
575 3539 648 3619 026,
670 3535 725 3605 ubi
745 3541 913 3620 postquam
934 3537 1096 3621 Trygaeus
1118 3537 1340 3621 interrogarit:

736 3654 765 3719 τί
784 3654 836 3720 δαὶ
857 3656 957 3734 δοιεῖι
977 3656 1139 3741 βούλεοδε
1160 3655 1279 3744 λαρινῷ
1299 3653 1369 3740 βοῶ
1391 3653 1457 3724 sm'l.
1480 3655 1597 3744 ξδμύιιν
1619 3657 1674 3746 τὴν
1696 3656 1833 3747 Εζοῆνην

480 3777 593 3846 chorus
614 3776 798 3861 respondet:

735 3897 805 3982 βοῖ;
823 3897 992 3988 μηδαμῶς,
1014 3898 1126 3987 ἵναμὴ
1147 3896 1280 3988 βοηδεῒν
1303 3919 1353 3962 ποι
1376 3897 1444 3986 δέη.

482 4036 544 4102 quo
565 4019 634 4087 loco
656 4037 727 4086 cum
747 4019 863 4102 leporis
886 4037 1008 4086 summa
1028 4019 1062 4084 in
1083 4016 1153 4085 soni
1174 4018 1377 4086 similitudine
1398 4017 1511 4086 harum
1530 4037 1642 4088 uocum
1669 4017 1727 4102 βοΐ
1751 4023 1784 4088 et
1804 4016 1937 4107 βοηθεῖν
1963 4020 2067 4102 posite

483 4141 535 4220 sit,
556 4140 612 4206 illa
632 4159 695 4208 non
716 4141 785 4206 sine
806 4139 920 4207 idonea
942 4157 1039 4206 causa
1059 4139 1224 4222 repetitur.

583 4261 787 4329 Pervenimus
809 4260 851 4327 ad
872 4278 901 4327 r.
927 4265 997 4328 148.
1023 4259 1115 4328 Cario
1134 4261 1214 4328 haec
1236 4261 1328 4328 dicit:

740 4377 840 4466 ἔγωγέ
862 4404 908 4446 τοι
929 4380 981 4446 διὰ
999 4383 1110 4469 μικρὸν
1133 4381 1314 4470 δμγιιμίδιον

740 4501 854 4574 δοῦλος
873 4502 1041 4592 γεγένημαι
1063 4501 1115 4566 διὰ
1137 4503 1172 4568 τὸ
1191 4504 1237 4591 μη
1259 4502 1400 4568 πλουτεῖν
1422 4501 1508 4574 ἴσως.

484 4625 590 4694 Verba
610 4628 770 4710 postrema
791 4622 843 4688 διὰ
865 4624 899 4689 τὸ
918 4625 964 4713 μη
986 4625 1128 4689 πλουτεῖν
1155 4623 1233 4692 ἴσως
1252 4625 1416 4692 Dobraeus
1439 4623 1519 4692 Ado.
1537 4624 1570 4694 11
1591 4645 1622 4708 p.
1646 4629 1706 4694 132
1725 4609 1973 4710 interrogatione
1988 4627 2073 4695 elata

484 4747 578 4812 Pluto
599 4744 795 4828 adsignanda
816 4762 885 4812 esse
907 4747 1037 4814 censuit.
1080 4747 1130 4812 En
1151 4745 1326 4814 editoribus
1347 4763 1438 4813 nemo
1460 4746 1587 4830 quidem
1608 4751 1737 4814 secutus
1759 4751 1817 4828 est,
1839 4746 1897 4814 sed
1918 4746 1984 4816 lere
2011 4767 2073 4814 non

486 4867 675 4944 omiserunt,
703 4885 797 4949 qnam
824 4867 1012 4934 sententium
1040 4867 1165 4934 silentio
1193 4884 1275 4949 qnae
1302 4868 1573 4949 praetermittatur
1594 4867 1720 4951 dignam
1753 4885 1823 4936 esse
1844 4867 1936 4936 focile
1957 4867 2069 4936 estad

487 4988 774 5056 demonstrandum.
818 4989 924 5056 Primo
946 4989 1029 5057 enim
1051 4989 1203 5072 adspectu
1224 5005 1405 5071 qumquam
1423 4987 1530 5056 infelix
1552 4988 1745 5057 abundantia
1759 4990 1926 5058 uerborum
1948 5007 2019 5058 esse
2033 4989 2077 5056 ri·

489 5109 583 5178 detur
604 5127 642 5176 ac
664 5109 916 5198 splendidissima
938 5116 989 5178 est
1008 5110 1209 5178 Heimreichii
1231 5111 1251 5176 1.
1274 5111 1294 5176 l.
1318 5130 1347 5198 p.
1374 5115 1412 5178 19
1435 5111 1623 5188 coniectura,
1646 5129 1728 5198 quae
1756 5111 1842 5198 apud
1870 5110 2069 5180 scholiastam
