4716 6098
1067 754 1203 816 21·

289 955 399 1038 nunp.
422 955 536 1024 Bacch.
560 959 623 1022 613
645 954 724 1019 ἀλλά
746 957 814 1026 πῶς
834 951 1064 1043 ἠλευθερώθης
1086 952 1204 1042 ἀνδρὸς
1225 952 1351 1019 ἀνοσίου
1375 954 1476 1044 τυχῶν
1498 957 1531 1020 et
1552 953 1625 1036 Lys.
1650 957 1679 1031 2,
1703 957 1722 1018 li
1745 955 1879 1042 ταχοῦ·-

289 1097 354 1140 σαι
373 1074 408 1138 δ’
431 1075 597 1160 ἀνδρῶν
610 1072 770 1158 ἀγαθῶν
791 1109 836 1124 -
856 1093 918 1141 non
941 1075 1047 1157 patiar
1076 1079 1181 1142 tamen
1203 1075 1395 1142 &vennatis
1416 1075 1579 1142 lectionem
1594 1073 1641 1140 ito
1654 1073 1822 1154 immutari,
1845 1077 1882 1140 nt

290 1195 438 1286 ἐπέτυχες
457 1201 491 1263 et
510 1195 570 1263 hoc
592 1195 698 1264 codice
720 1199 753 1262 et
768 1195 888 1262 Veneto
910 1195 1001 1262 nobis
1022 1195 1141 1262 hadita
1164 1193 1394 1278 praepositione
1412 1196 1564 1278 privetur.
1602 1194 1671 1261 Hoc
1686 1193 1769 1260 enim
1785 1193 1880 1262 verbo

287 1317 461 1399 compositu
483 1313 535 1382 uix
556 1321 661 1399 potest
682 1315 780 1383 ullum
802 1315 876 1382 huie
898 1315 966 1383 loco
987 1316 1093 1398 aptius
1114 1333 1198 1396 esse,
1222 1315 1306 1398 qnod
1328 1319 1453 1382 constet
1474 1333 1544 1382 oum
1568 1312 1712 1398 genetivo
1734 1313 1879 1380 mutuno·-

290 1443 358 1503 tum
377 1455 450 1504 esse
474 1435 619 1503 »iuventa
639 1435 766 1504 fortune
788 1435 820 1501 in
843 1435 960 1516 aliquid
975 1435 1131 1502 incideres
1155 1436 1206 1502 rel
1230 1434 1385 1503 »nancisei
1411 1433 1549 1516 minut«
1573 1451 1644 1502 oum
1669 1433 1880 1523 ἐπιτυγχάνειν

290 1575 362 1625 enm
385 1557 492 1624 dativo
515 1555 592 1622 nihil
613 1555 675 1624 nisi
697 1573 862 1624 occnmere
884 1554 1047 1638 significet.
1099 1555 1152 1622 Sic
1172 1557 1312 1639 Thucyd.
1336 1557 1403 1638 111,
1426 1561 1461 1637 3,
1483 1561 1503 1622 4
1527 1557 1591 1624 τοῖς
1611 1553 1648 1620 δὲ
1671 1553 1883 1642 Μυτιληναίοις

291 1676 371 1765 ἀνὴρ
393 1675 429 1742 ἐκ
449 1679 512 1742 τῶν
530 1672 668 1764 Ἀθηνῶν
690 1674 804 1759 θιαβιλς
826 1673 861 1745 ἐς
882 1671 1019 1758 Εὔβοιαν
1042 1675 1090 1739 καλ
1112 1675 1193 1763 πεζγ]
1215 1674 1265 1740 ἐπὶ
1280 1674 1451 1762 Γεραιστὸν
1473 1672 1576 1740 ἐλθὼν
1598 1673 1771 1744 ὁλκάδος
1792 1673 1881 1738 θνα-

291 1795 461 1884 γσμίνης
487 1795 683 1885 ἐπιτυχὼν
712 1794 782 1881 πλῷ
798 1795 1004 1884 χρησάμενος
1025 1796 1074 1858 καῖ
1096 1797 1232 1882 τριταῖος
1254 1795 1289 1860 ἐκ
1310 1800 1373 1862 τῶν
1390 1793 1527 1883 Ἀθηνῶν
1555 1793 1589 1866 ἐς
1613 1794 1783 1883 Μυτιλήνην
1811 1792 1880 1879 cicc·

291 1915 422 2001 κάμινος
443 1915 583 1998 ἀγγέλλει
605 1916 660 1978 τὸν
680 1914 825 1980 ἐπίπλουν
848 1919 880 1980 ct
902 1914 977 1991 vll,
1001 1919 1052 1992 25,
1076 1921 1094 1982 2
1117 1918 1149 1980 ni
1170 1911 1201 1980 θ’
1226 1915 1336 1981 ἕνδεκα
1359 1921 1433 2006 νῆες
1454 1918 1532 2004 πρὸς
1556 1918 1610 2006 την
1628 1909 1752 1982 Ἰταλίαν
1774 1912 1879 1980 ἔπλευ

290 2055 352 2100 σαν
375 2032 606 2120 πυνθανόμεναι
628 2035 718 2099 πλοῖα
740 2037 805 2104 τοῖς
821 2029 990 2122 Ἀθηναίοις
1012 2033 1146 2120 γέμοντα
1162 2037 1336 2126 χρημάτων
1352 2039 1530 2124 προσπλεῖν.
1546 2039 1672 2102 καὶτῶν
1688 2058 1723 2100 τε
1738 2034 1881 2101 πλοίων

288 2155 546 2245 ἐπιτοχοῶααι
568 2155 606 2221 τὰ
628 2155 724 2220 πολλὰ
743 2151 928 2241 διέφθειρον
950 2155 1023 2230 κτλ,
1046 2155 1086 2222 od
1109 2173 1188 2238 qnos
1209 2155 1294 2224 locos
1309 2158 1492 2242 Krnegerus
1514 2176 1586 2225 eum
1608 2175 1743 2232 versum,
1763 2155 1806 2221 de
1819 2171 1881 2238 quo

291 2277 408 2360 egitur,
430 2281 464 2344 ct
484 2277 565 2343 Pleu
586 2275 705 2344 Philcb.
731 2280 768 2342 61
793 2276 821 2341 D
845 2274 978 2342 conferri
1000 2275 1101 2356 iussit,
1124 2276 1180 2343 ubi
1200 2275 1332 2358 legitur:
1356 2276 1420 2364 ἄρα
1444 2282 1535 2344 πᾶσιν
1558 2277 1673 2366 ηθονῖγν
1696 2277 1780 2364 πάσῃ
1803 2299 1881 2362 φρο-

294 2399 381 2486 νήσει
400 2395 564 2484 μιγνύντες
584 2399 649 2460 τοῦ
672 2396 800 2468 καλῶς
820 2391 865 2460 ἂν
884 2397 1019 2481 μάλιστα
1040 2395 1245 2486 ἐπιτύχοιμεν;
1274 2400 1362 2480 Quae
1384 2419 1454 2469 cnm
1477 2401 1523 2466 ita
1543 2401 1608 2467 siut
1628 2415 1730 2484 neque
1750 2397 1880 2484 μετρίου

292 2519 356 2604 γὰρ
374 2517 496 2604 ἀνδρὸς
516 2517 572 2582 οὐκ
592 2514 704 2606 ἔτυχες
723 2515 889 2582 ου’πώποτε
912 2534 1014 2599 licque
1034 2517 1165 2604 μετρίου
1187 2519 1248 2606 γὰρ
1277 2519 1396 2605 ἀνδρὸς
1422 2517 1530 2610 ἔτυχες
1557 2519 1759 2584 οὐδεπώποτε
1788 2505 1882 2586 scribi

292 2645 406 2722 potest.
453 2639 544 2718 Quod
571 2644 677 2705 antem
705 2638 805 2723 primo
834 2638 903 2706 loco
925 2637 1101 2704 Meinelrins
1130 2639 1305 2706 coniecerat
1329 2645 1497 2722 propterea
1524 2640 1600 2706 mihi
1627 2659 1688 2708 non
1719 2638 1880 2722 probatur,

293 2761 368 2841 qnia
395 2760 443 2826 De
470 2760 547 2826 Bar.
576 2764 610 2826 et
636 2758 713 2825 Ven.
744 2763 840 2839 p.15
870 2758 1102 2824 demonstrasse
1128 2758 1206 2826 mihi
1236 2759 1360 2843 adeor,
1388 2761 1590 2844 Aristophani
1618 2759 1699 2848 ἀνήρ
1729 2758 1882 2826 adiectivo

293 2881 383 2964 quasi
405 2879 506 2946 fulcro
527 2878 669 2945 additum
691 2877 723 2944 iu
746 2876 867 2946 deliciis
888 2877 994 2946 inisse.
1039 2879 1084 2946 Ut
1105 2879 1203 2962 igitur
1223 2881 1336 2966 longee
1357 2881 1562 2966 disputationi
1591 2880 1684 2949 finem
1713 2881 1882 2965 imponam,

196 3033 205 3048 ·
294 2999 519 3085 Aristophanes
543 2999 681 3068 dubitari
702 3000 812 3083 nequit
833 2999 908 3080 quin
931 2999 1102 3083 scripserit,
1123 3002 1208 3083 qnod
1223 3003 1391 3070 Ravennae
1414 3001 1561 3088 tradidit3
1583 3020 1678 3087 quam
1693 3001 1881 3070 sententiam

293 3123 419 3191 tronus
441 3121 504 3190 iem
525 3139 606 3188 anno
631 3123 712 3188 1866
735 3120 842 3188 Goelt
863 3121 923 3204 gel.
948 3122 1025 3190 huz.
1048 3139 1079 3202 p.
1106 3126 1166 3186 156
1189 3121 1335 3188 indicari.

399 3245 476 3312 Post
497 3243 603 3312 decem
626 3261 738 3310 versus
759 3244 837 3313 haec
858 3245 1022 3327 leguntur:

652 3363 692 3427 ἴτ’
716 3362 869 3447 ἐγκονεῖτε
891 3357 1056 3444 σπεύδεθ’,
1079 3365 1126 3436 ῶς
1146 3365 1165 3428 t
1187 3366 1296 3452 καιρὸς
1315 3364 1382 3454 erili
1400 3363 1532 3449 μέλλειν.

295 3489 333 3554 ln
354 3488 536 3554 &venneto
558 3485 577 3548 t
598 3485 749 3553 articulus
772 3486 914 3566 omissus,
937 3487 970 3552 iu
992 3488 1113 3554 Veneto
1135 3505 1192 3569 pro
1214 3486 1261 3556 ῶς
1282 3487 1299 3550 t
1321 3487 1543 3569 scriptumest
1568 3485 1603 3550 οιί
1630 3487 1703 3573 γάρ.
1749 3485 1883 3569 Saepius
1964 3543 1971 3558 .

295 3627 389 3691 quam
411 3607 454 3674 sit
475 3605 685 3690 periculosum
708 3607 762 3673 nni
784 3606 882 3674 codici
906 3608 1130 3690 obsequentem
1152 3625 1260 3674 omnes
1281 3625 1322 3674 ne
1343 3606 1403 3672 hoc
1425 3606 1551 3686 quidem
1573 3611 1703 3689 excepte
1726 3606 1883 3688 comigere

294 3727 424 3809 experti,
447 3726 618 3794 dnmmodo
633 3725 703 3794 fieri
717 3728 827 3812 possit,
843 3729 1030 3797 evitabimus
1045 3728 1193 3796 Meinekii
1207 3728 1370 3807 rationem,
1387 3727 1441 3810 qni
1457 3726 1547 3794 Vinci.
1563 3745 1593 3810 p.
1607 3730 1669 3792 210
1684 3725 1882 3794 scribendum

293 3847 471 3931 proposuit:
493 3841 534 3940 οὐ
558 3845 619 3934 γὰρ
642 3845 750 3934 καιρός
775 3846 840 3912 ἐστι
860 3847 992 3932 μέλλειν,
1015 3849 1100 3930 qnod
1121 3867 1229 3916 omnes
1250 3848 1373 3917 codices
1396 3848 1545 3916 exhibent
1565 3841 1631 3936 οιίχὶ
1652 3847 1686 3914 in
1708 3844 1774 3910 ἐστι
1801 3864 1883 3913 com·
2016 3865 2024 3880 ·

293 3972 424 4044 monto,
446 3973 542 4052 atque
566 3967 798 4036 abstinebimus
821 3969 936 4036 talibus
959 3969 1238 4045 emendationibus,
1261 3969 1363 4052 qualis
1385 3968 1461 4034 mihi
1482 3970 1514 4036 in
1536 3973 1673 4034 mentem
1695 3965 1789 4045 venit
1811 3984 1883 4033 cum

293 4089 471 4172 suspicarer
497 4085 649 4155 σπεύδεθ’
665 4077 838 4184 ·g'lossemu¹
864 4091 1020 4158 adiectum
1050 4107 1119 4160 esse
1141 4091 1181 4158 ed
1205 4089 1359 4174 ἐγκονεῖτε
1387 4089 1473 4156 etin
1494 4089 1597 4156 locum
1621 4088 1812 4155 successisse
1833 4105 1883 4154 rc·

293 4209 385 4276 rioris
407 4208 549 4276 adverbii
571 4211 658 4278 relnt
681 4209 847 4292 βλακικῶς,
871 4211 1112 4294 Aristophanem
1132 4217 1239 4279 entem
1262 4211 1441 4294 scripsisse:

636 4328 674 4395 ἴτ’
698 4330 870 4415 ἐγκονεῖτε·
890 4331 1087 4416 βλακικῶς
1108 4333 1169 4420 γὰρ
1191 4333 1300 4420 καιρὸς
1321 4327 1387 4422 nili
1405 4329 1538 4417 μέλλειν.

293 4451 395 4530 Quam
431 4451 643 4520 coniecturam
677 4471 832 4521 ‚exornare
864 4469 992 4535 possum
1024 4455 1156 4520 conlatis
1187 4473 1216 4518 v.
1249 4457 1311 4519 324
1343 4471 1390 4536 sq.
1429 4451 1608 4536 ἀσπάζομαι
1640 4449 1676 4516 δ’
1709 4451 1775 4540 ὁτιὴ
1809 4474 1883 4537 προ·

294 4566 407 4656 θθμως
429 4574 521 4662 ἥκετε
537 4575 586 4638 καί
602 4574 837 4661 συντεταμένως
854 4574 908 4638 καθ
931 4573 1315 4660 κατεβλακευμένως,
1337 4575 1392 4656 qui
1413 4574 1500 4640 locus
1514 4572 1614 4640 videri
1629 4573 1729 4655 posuit
1742 4571 1783 4638 all
1798 4571 1883 4638 illum

293 4693 483 4778 scripturam
506 4695 673 4778 respicere,
695 4703 729 4764 ct
743 4697 800 4764 An.
819 4699 901 4763 1323
924 4697 971 4768 ὡς
989 4697 1191 4780 βλακικῶς
1211 4695 1378 4770 θιακονεῖς;
1402 4689 1441 4758 οὐ
1458 4691 1572 4759 θᾶττον
1587 4693 1829 4783 ἐγκονήσεις
1852 4698 1885 4759 ct

292 4814 490 4898 mtiquitatis
515 4817 650 4899 speciem
673 4836 711 4884 es
735 4815 1024 4884 Antietticisteein
1048 4815 1183 4884 Beklreri
1207 4807 1323 4884 hue'cd.
1347 4818 1364 4883 Ι
1386 4835 1416 4900 p.
1440 4821 1491 4896 84,
1513 4820 1534 4881 4
1556 4815 1737 4882 testimonio
1757 4814 1883 4890 addere,

292 4936 346 5017 qni
375 4934 454 5002 haec
486 4936 596 5004 scribit
627 4937 728 5018 βλάξ,
757 4931 935 5021 βλακεύειν,
966 4931 1182 5021 βλακεθεσθαι
1213 4938 1261 5002 καλ
1287 4935 1407 5019 βλάκες
1435 4939 1483 5002 καί
1508 4936 1725 5020 βλακικῶςτ
1752 4933 1883 5001 Πλάτων

294 5052 421 5144 Γοργίᾳ,
445 5055 463 5117 t
485 5051 581 5128 αὐτὸς
601 5051 795 5146 Εὖθυθήμιρ,
813 5055 1101 5147 Ἀριστοφάνης
1122 5053 1287 5144 Πλοθςιγι
1319 5057 1439 5124 Possim
1454 5057 1549 5126 etiem
1570 5055 1602 5124 id
1625 5056 1749 5126 etiams
1769 5055 1802 5122 in
1823 5053 1885 5122 lec·

292 5175 380 5244 bone
403 5175 532 5260 vulgate
553 5194 664 5259 perum
686 5177 848 5262 eleganter
868 5177 1023 5261 ἐγκονεῖτε
1044 5180 1174 5247 verbum
1201 5179 1330 5262 gratim
1352 5179 1452 5262 excipi
1474 5172 1629 5246 σπεύδεθ’
1651 5178 1747 5244 verbo
1767 5175 1884 5244 leviore

292 5301 387 5386 atque
413 5302 535 5370 neotum
563 5297 703 5370 ordinem
731 5305 850 5370 exure·
868 5287 952 5387 apud
981 5300 1166 5388 Sophoclem
1188 5300 1237 5366 hi.
1260 5302 1319 5368 811
1349 5303 1509 5390 χωρῶμεν
1538 5296 1715 5382 ἐγκονῶμεν
1744 5300 1778 5363 et
1798 5294 1883 5382 apud
