4716 6098
1269 735 1308 796 18

495 937 574 1006 Xen-
600 937 698 1004 Anah.
721 935 793 1014 Vll,
817 941 847 1014 4,
870 940 906 1002 21
934 937 973 1023 τῇ
1002 931 1058 1002 οὖν
1089 935 1240 1024 ὑστεραίᾳ
1270 935 1486 1021 παραδίδωσιν
1508 935 1525 994 ὃ
1547 930 1673 1021 Σεύθης
1696 933 1769 1006 τοὺς
1790 933 1940 1023 ὁμήρους,
1964 957 2083 1022 arpen·

490 1055 692 1141 βυτέρους
712 1054 863 1142 ἄνδρας
883 1053 972 1142 ἤδη,
995 1055 1068 1125 τοὺς
1088 1055 1281 1141 κρατίστους,
1297 1057 1350 1144 ,ὡς
1372 1053 1507 1142 ἔφασαν,
1530 1058 1592 1119 τῶν
1614 1055 1746 1141 ὀρεινῶν
1770 1055 1831 1120 κτλ.
1862 1049 1939 1142 ’Hcp
1959 1053 2082 1122 addunt

491 1177 721 1244 Breitenhachii
742 1176 864 1243 codices
887 1174 1007 1242 ΟΒΑΕ.
1052 1174 1173 1262 ἄνδρας
1198 1177 1280 1242 inE
1311 1177 1459 1244 omissum
1482 1181 1547 1257 est,
1570 1175 1655 1264 unde
1676 1173 1934 1242 Breiteubachius
1966 1173 2083 1242 hlaine

491 1295 585 1362 hians
610 1295 684 1362 crisi
717 1314 794 1364 usus
822 1313 879 1376 pro
911 1293 1031 1382 ἄνδρας
1058 1295 1192 1362 λοιλοεεε
1221 1294 1316 1366 ὄντος
1342 1296 1509 1378 legendum
1537 1313 1606 1363 esse
1628 1295 1770 1364 coniecit
1815 1295 1959 1378 Utroque
1981 1294 2081 1376 igitur

491 1409 570 1496 loco,
593 1417 677 1499 quod
699 1416 801 1484 solum
823 1415 980 1483 Meinelrio
1002 1415 1140 1499 mihique
1161 1416 1324 1484 oliensioni
1353 1422 1431 1497 erat,
1455 1415 1516 1506 ἤδη
1539 1417 1606 1483 siue
1629 1415 1793 1500 participio
1809 1415 2006 1482 substantivo
2028 1413 2082 1480 ad-

492 1535 592 1604 ditum
616 1543 673 1604 eat.
719 1537 832 1620 itaque
848 1537 944 1604 missa
966 1537 1021 1602 illa
1042 1543 1120 1618 arte,
1142 1556 1205 1619 qua
1225 1557 1263 1604 er
1278 1555 1342 1604 una
1356 1536 1466 1606 vocula
1481 1539 1513 1603 in
1529 1539 1711 1605 Ravennate
1726 1535 1809 1606 torte
1824 1535 1951 1606 fortuna
1968 1535 2084 1604 omissa

490 1676 604 1725 novam
633 1657 798 1726 lectionem
826 1663 936 1726 contra
964 1663 1086 1724 ceteros
1108 1657 1205 1724 libros
1232 1675 1340 1724 omnes
1363 1677 1474 1724 eruere
1497 1663 1628 1725 conatus
1650 1675 1737 1740 sum,
1760 1661 1866 1741 spreto
1888 1675 1962 1724 vero
1984 1655 2082 1724 elium

491 1777 640 1845 hleinehii
663 1777 789 1844 invento
811 1777 844 1842 iu
866 1777 1068 1846 fundamento
1091 1777 1185 1844 etiarn
1208 1775 1377 1845 infirmiore
1398 1779 1500 1860 posito
1517 1797 1600 1846 nunc
1614 1777 1773 1860 vulgatam
1788 1778 1952 1848 lectionem
1968 1776 2079 1861 probo.

593 1899 698 1964 Elium
720 1918 748 1963 v.
776 1903 855 1964 1122
879 1893 1058 1987 ἰσχάδος,
1080 1897 1141 1961 ὅο’
1164 1896 1271 1970 είκιίς
1292 1897 1396 1962 ἐστιν
1413 1895 1552 1988 Ἑρμῆν
1574 1897 1727 1964 ἐσθίειν
1749 1919 1807 1984 pro
1822 1900 1942 1966 Iunone
1964 1897 2080 1964 nubem

492 2019 654 2101 amplexus
676 2037 755 2098 sum,
778 2038 849 2085 cum
870 2019 919 2086 De
933 2021 1010 2086 liav.
1034 2023 1067 2086 et
1088 2019 1165 2086 Veu.
1189 2039 1219 2104 p.
1245 2025 1285 2085 37
1313 2019 1457 2088 lectionis
1479 2039 1499 2085 a
1520 2038 1570 2087 me
1584 2019 1766 2104 propositae
1787 2019 1946 2115 λυχνίδια
1969 2017 2083 2083 τᾶλλο

492 2137 527 2202 d’
549 2137 609 2203 δυ’
633 2137 716 2211 elad<
732 2134 847 2226 Ἑρμῆν
869 2136 984 2202 ἐσθίειν
1006 2139 1139 2222 vestigia
1158 2139 1263 2206 inesse
1285 2140 1430 2222 opinarer
1451 2141 1483 2222 iu
1506 2141 1698 2208 &vennatis
1719 2141 1854 2208 lectione
1881 2137 2014 2228 λαχοίσας
2043 2136 2081 2200 d’

493 2259 533 2330 dr
554 2258 643 2330 εἰκός.
688 2259 784 2326 Vides
812 2277 863 2326 me
885 2257 968 2323 ἐστιν
989 2257 1150 2342 copulam,
1180 2260 1314 2342 quaein
1337 2259 1482 2326 omnihus
1505 2261 1665 2330 codicibus
1686 2267 1783 2342 extat,
1805 2261 1890 2326 uiuo
1912 2237 2079 2342 expulisse,

493 2381 624 2472 λσχάδος
645 2381 773 2465 proprio
802 2382 906 2450 Marte
934 2385 966 2450 iu
997 2383 1121 2471 ἰσχάδια
1143 2385 1394 2466 commutavisse,
1417 2383 1511 2449 τᾶλλο
1533 2403 1572 2451 ex
1593 2402 1681 2452 mera
1706 2383 1887 2450 coniectura
1910 2380 2079 2456 addidisse,

492 2521 587 2570 unam
609 2491 745 2586 denique
766 2499 802 2566 θ’
824 2502 1011 2586 particulam
1034 2521 1072 2568 ex
1094 2503 1210 2588 optimo
1233 2503 1313 2572 lihro
1335 2504 1488 2584 hausisse,
1510 2505 1614 2586 qualis
1629 2503 1815 2571 emendandi
1844 2501 1968 2586 generis
1997 2517 2081 2567 nunc

492 2622 664 2707 quidquam
696 2621 926 2705 probabilitatis
954 2641 1024 2690 esse
1049 2621 1226 2706 praeiracle
1253 2642 1343 2706 nepo.
1388 2623 1503 2691 Obstat
1530 2645 1604 2694 vero
1635 2625 1730 2693 etiam
1751 2625 1883 2690 metrica
1905 2619 2080 2689 difficultas.

491 2743 574 2812 Num
602 2742 755 2825 hisyllaha
786 2743 883 2808 thesis
913 2743 1024 2810 ultima
1052 2743 1174 2827 syllaba
1196 2744 1345 2811 trochaici
1367 2745 1510 2813 vocabuli
1532 2765 1603 2814 eum
1623 2743 1837 2830 monosyllabo
1859 2743 2025 2811 coniuncta
2047 2745 2084 2806 ut

493 2863 620 2930 omuino
636 2881 723 2942 raro,
741 2863 787 2931 ita
808 2881 969 2945 uunquam
991 2863 1123 2931 efficitur
1144 2865 1177 2929 iu
1199 2865 1294 2932 tertia
1314 2865 1448 2932 trimetri
1470 2867 1554 2934 sede.
1593 2864 1691 2934 Cuius
1712 2863 1797 2930 modi
1818 2861 2028 2931 observationi
2051 2863 2083 2928 iu

490 2983 646 3066 scriptura
668 3000 687 3049 a
709 2983 868 3050 codicibus
889 2985 967 3051 satis
988 2982 1079 3051 firma
1100 2985 1245 3068 aliusque
1266 2984 1404 3052 criminis
1427 2987 1547 3068 experti
1569 2984 1705 3053 tortasse
1729 3005 1792 3054 non
1814 2986 1859 3051 ita
1875 2983 2008 3050 multum
2026 2981 2083 3048 tri-

491 3103 632 3184 buerem,
653 3103 685 3168 in
707 3103 888 3172 coniectura
911 3103 1015 3170 omnia
1036 3106 1150 3174 tribuo.
1195 3107 1300 3186 Quare
1322 3105 1399 3173 nihil
1421 3107 1537 3174 cerbus
1559 3108 1639 3175 duco
1661 3125 1756 3189 quam
1770 3106 1925 3174 erravisse
1939 3103 2084 3188 Kappey-

490 3223 577 3290 uium
599 3241 661 3290 vau
683 3223 723 3290 de
738 3221 897 3308 Coppello,
920 3243 992 3292 cnm
1013 3245 1042 3291 v.
1069 3231 1150 3292 1180
1173 3227 1339 3296 scriberet:

849 3343 962 3410 ἔθυεν
985 3345 1032 3410 ἂν
1053 3345 1201 3434 ίερεῖιίν
1223 3370 1250 3411 τι
1272 3344 1399 3429 σωιίείς,
1421 3349 1439 3410 ὁ
1462 3347 1499 3412 δέ
1522 3370 1568 3419 τις
1587 3347 1625 3412 ἄν
1647 3350 1708 3412 κτλ.

491 3463 624 3532 codices
659 3467 740 3532 enirn
775 3463 919 3530 ἔθυσεν
952 3467 1105 3553 ἱερεῖον
1145 3467 1206 3532 κτλ.
1246 3467 1394 3536 exhibent
1430 3487 1533 3552 usqne
1572 3487 1630 3552 ego
1667 3468 1830 3552 intellego,
1868 3488 1950 3552 quae
1990 3469 2082 3538 horno

491 3585 690 3654 doctissimus
712 3585 891 3653 adnotavit:
921 3585 991 3652 »lta
1014 3587 1233 3670 corrigendum
1255 3606 1325 3657 esee
1347 3585 1462 3652 ἔθυσεν
1483 3589 1619 3673 probant
1640 3607 1721 3672 quae
1743 3594 1948 3672 sequuntur«
1994 3589 2083 3658 hori-

490 3711 559 3772 stus
585 3705 828 3772 nullamhabet
855 3705 1057 3774 offensionem
1085 3706 1123 3774 ci.
1148 3727 1176 3773 v.
1200 3712 1262 3775 979
1294 3707 1356 3791 ἐγὼ
1386 3705 1415 3772 d’
1447 3709 1555 3795 ἐκείνῳ
1585 3706 1674 3774 πάντ’
1697 3703 1738 3774 ἂν
1761 3707 2081 3797 ἀνθυπηρέτουν,

491 3827 549 3894 sed
572 3825 685 3896 deiude
706 3843 736 3892 v.
760 3829 821 3894 982
851 3826 923 3890 ἀλλ’
956 3826 1109 3914 ἀργυρίου
1132 3827 1276 3918 δραχμὰς
1296 3827 1335 3892 ἂν
1357 3825 1379 3916 ᾔ
1389 3829 1473 3918 rpc’
1498 3829 1610 3896 εἴκοσιν
1632 3835 1665 3897 et
1679 3849 1708 3896 v.
1725 3835 1786 3898 985
1809 3829 2015 3895 ἐκέλευσεν
2037 3823 2083 3892 ἂν

491 3951 524 4013 et
544 3965 573 4012 v.
596 3950 658 4013 986
681 3939 728 4010 ἂν
756 3943 921 4035 ἐδεήθη.
965 3945 1080 4030 Itaque
1102 3965 1203 4029 noque
1225 3949 1399 4032 bisyllahae
1422 3949 1667 4034 theseos'geuus
1690 3951 1768 4020 illud
1795 3969 1907 4035 parum
1929 3953 2082 4018 uallatum

492 4084 594 4150 neque
616 4067 914 4151 proceleusmaticus
942 4067 1144 4151 Aristophani
1174 4069 1390 4137 obtrudeudus
1421 4077 1478 4138 est
1531 4073 1580 4138 Do
1609 4069 1679 4136 vido
1707 4073 1796 4142 verbi
1824 4073 1930 4157 priora
1961 4069 2083 4154 syllaba

491 4187 647 4269 producta
668 4187 740 4255 vido
763 4187 857 4256 Mein.
882 4186 968 4254 Com.
992 4187 1039 4255 lv
1059 4209 1091 4274 p.
1115 4195 1187 4256 547.
1234 4189 1297 4258 Sed
1328 4197 1365 4258 ut
1386 4192 1429 4259 ad
1449 4211 1553 4260 meum
1576 4193 1704 4260 redeam
1727 4211 1875 4274 errorem,
1897 4193 1965 4260 sine
1987 4192 2083 4262 dnbio

492 4305 586 4373 frua
611 4304 647 4372 ν
669 4307 839 4376 senonens
861 4308 985 4376 ronan
1007 4309 1130 4379 crunni
1153 4329 1252 4394 μου
1275 4329 1346 4380 cum
1368 4310 1439 4378 uris
1461 4317 1528 4380 tum
1543 4312 1747 4395 saeptam
1771 4311 2021 4396 ιιουιυοουο,
2036 4313 2082 4380 ru
2137 4287 2144 4298 '

492 4431 528 4493 ut
550 4445 571 4491 a
598 4427 752 4496 sermonis
773 4427 895 4496 ratione
921 4429 999 4496 nihil
1025 4430 1128 4513 possit
1157 4432 1344 4514 vituperari,
1366 4431 1395 4498 si
1421 4433 1492 4516 puis
1519 4433 1671 4502 audacius
1700 4453 1795 4519 quam
1817 4432 1922 4502 verius
1944 4435 2082 4504 scribere

492 4545 581 4612 malit
600 4546 733 4636 ίσχιίδος
752 4565 828 4616 voce
850 4549 997 4630 expulsa:
1026 4550 1074 4614 καί
1097 4546 1180 4614 rdll’
1209 4549 1265 4615 δυ’
1294 4549 1377 4622 ebo<
1397 4549 1479 4616 ἐστιν
1495 4548 1610 4642 Ἑρμῆν
1637 4551 1763 4618 ἐσθίειν.
1812 4553 1855 4620 nt
1875 4553 1980 4620 inveni
2002 4553 2082 4620 duos

493 4665 590 4746 locos,
613 4667 667 4750 qui
689 4686 760 4734 cum
783 4668 912 4752 vulgata
932 4669 1026 4736 huius
1048 4687 1160 4738 versus
1181 4671 1338 4756 scriptura
1352 4670 1487 4740 conferri
1502 4679 1644 4758 possunt,
1660 4685 1758 4740 uncam
1773 4671 1993 4760 Aristophanis
2007 4673 2081 4758 Lpa

495 4792 579 4854 1189
611 4789 807 4874 στρωμάτων
842 4787 879 4852 δὲ
906 4788 1047 4853 ποικίλων
1077 4792 1125 4855 καί
1147 4790 1313 4880 χλανιδίων
1347 4793 1395 4856 καί
1423 4791 1574 4865 ξυστίδων
1602 4793 1650 4857 καὶ
1677 4792 1828 4883 χρυσίων,
1851 4791 1901 4862 do’
1931 4792 2000 4860 ἐστί
2018 4815 2081 4878 μοι,

493 4907 627 4974 alterum
650 4907 838 4992 Anuphanis
860 4907 947 4976 Com.
969 4909 1020 4977 Ill
1042 4929 1072 4994 p.
1099 4915 1156 4976 111
1181 4909 1286 4999 ἄηειν
1309 4911 1452 4997 φονεύειν
1471 4889 1654 5000 μαρτυρεῖν,
1681 4909 1731 4978 ὅσ’
1755 4908 1795 4980 ἂν
1819 4913 1918 5000 μόνον
1940 4913 2014 5003 τύχῃ
2038 4933 2083 4981 τις

493 5027 598 5108 elnon,
621 5027 711 5094 ταῦτ’
734 5027 965 5116 ἀπροσκέπτως
987 5033 1084 5096 ποιεῖν
1106 5031 1236 5096 ιίπιιντα.

596 5148 702 5216 Etiam
724 5149 764 5218 de
792 5149 839 5218 eis
861 5151 958 5218 variis
979 5151 1180 5234 lectionibus,
1204 5171 1283 5236 quas
1305 5153 1487 5222 Venatus
1510 5151 1644 5240 uhibet,
1667 5155 1707 5222 ab
1730 5155 1902 5222 editoribus
1924 5151 2081 5222 interdum
