4716 6098
1062 705 1102 768 53

283 906 338 996 χώ
343 927 461 990 μενοι
488 903 687 988 participium
716 903 874 972 choreutis
904 905 1026 991 Ulyssis
1055 907 1183 975 comites
1217 907 1358 1002 acturisp
1388 909 1502 993 quibus
1530 909 1562 976 id
1591 910 1696 993 potius
1727 911 1767 984 ab
1788 907 1878 980 initio

288 1023 527 1108 significandum
548 1029 618 1092 erat
640 1043 675 1093 se
696 1025 812 1094 arietes
835 1045 1010 1112 caprosque
1031 1047 1126 1112 agere
1149 1028 1240 1096 nolle.
1282 1030 1385 1112 Atque
1400 1031 1459 1098 hoc
1474 1029 1519 1112 fit,
1535 1030 1703 1098 dummodo
1718 1031 1879 1100 lenissimo

287 1147 409 1214 medela
430 1164 487 1230 pro
508 1145 708 1236 βληχώμενοι
730 1149 923 1217 rescribatur
944 1149 1233 1240 βληχωμένοις,
1264 1169 1326 1234 quo
1348 1149 1513 1234 participio
1536 1151 1576 1216 ad
1605 1155 1669 1222 τοῖς
1697 1152 1880 1240 προβατίοις

288 1265 365 1331 nihil
386 1269 491 1351 potest
513 1285 583 1334 esse
605 1268 881 1338 adcommodatius.
929 1269 1026 1338 Senes
1055 1270 1152 1354 igitur
1180 1289 1251 1338 com
1281 1271 1403 1354 possint
1431 1271 1558 1338 brevius
1581 1276 1613 1338 ct
1635 1272 1676 1339 ad
1698 1271 1877 1358 intellegen-

288 1387 362 1454 dum
385 1388 490 1471 aptius
511 1388 590 1456 haec
613 1387 732 1456 dicere:

648 1512 739 1599 ἡμεῖς
759 1509 796 1575 δέ
818 1533 855 1594 γε
881 1511 1055 1600 ζητὴσομεν
1079 1509 1268 1598 θρεττανελὸ
1292 1511 1343 1576 τὸν
1366 1511 1510 1577 κόκλιοπα

642 1630 920 1722 βληχωμένοις
941 1629 978 1695 σὲ
1000 1633 1118 1696 τοντονλ
1142 1636 1276 1696 πινῶντα
1299 1631 1530 1717 καταλαβόντες

645 1751 865 1841 ἡγούμενον
888 1755 973 1824 τοῖς
994 1753 1243 1840 προβατίοις,

645 1869 714 1961 εἰκῇ
737 1871 774 1937 δὲ
796 1871 1036 1960 καταδαρθόντα
1061 1897 1119 1938 πον

643 1992 743 2079 μέγαν
766 1993 919 2079 λαβόντες
941 1994 1079 2084 ἡμμένον
1101 1994 1270 2084 σφηνῖσκον
1293 1994 1489 2084 ἐκτυφλῶσαι

287 2113 411 2196 abrepti
426 2113 471 2180 rei
495 2113 708 2200 cxpiugcudae
731 2114 836 2183 studio
859 2111 1073 2199 spectatorum
1096 2115 1301 2200 Carionisque
1323 2117 1398 2201 quid
1419 2116 1638 2207 βληγιομένοις
1652 2119 1727 2186 velit
1741 2120 1878 2188 nescien-

238 2213 239 2216 ¹
285 2234 365 2302 tium
387 2235 636 2320 expectationem
657 2235 803 2305 fallentes
825 2242 898 2321 post
920 2236 1153 2320 καταλαβόντες
1174 2236 1395 2321 interponunt:

646 2358 749 2447 πήραν
773 2355 883 2446 ἔχοντα
906 2357 1027 2448 λάχανά
1049 2353 1075 2422 τ’
1100 2357 1193 2444 ἄγρια
1217 2357 1369 2445 δροσερά,
1393 2359 1620 2445 κραιπαλῶντα.

441 2495 470 2544 v.
494 2482 556 2546 316
578 2497 625 2564 sq.
648 2474 716 2542 ἀλλ’
740 2477 789 2542 εἶα
812 2480 865 2542 νῦν
888 2480 950 2543 τῶν
973 2480 1169 2565 σκωμμάτων
1193 2478 1424 2562 ἀπαλλαγέντες
1445 2477 1520 2568 ἤδη

645 2599 733 2684 ὑμεῖς
754 2595 803 2663 ἐπ’
827 2595 893 2664 ἄλλ’
918 2597 1003 2670 εἶδος
1025 2596 1186 2686 τρέπεσθ’,

642 2718 705 2805 ἐγὼ
728 2713 761 2784 λ’
785 2719 840 2785 ἰὼν
862 2719 939 2810 ἤδη
962 2717 1068 2808 λάθρᾳ

641 2841 840 2930 βουλήσομαι
863 2841 923 2906 κτλ.

285 2963 431 3046 quotiens
452 2963 515 3048 legi
538 2962 696 3047 displicuit
718 2961 779 3052 ἤδη
802 2963 890 3030 brevi
913 2962 1015 3047 spatio
1039 2961 1219 3028 intermisso
1248 2961 1417 3046 repetitum
1447 2962 1609 3044 alteroque
1631 2962 1698 3031 loco
1722 2981 1758 3031 eo
1781 2962 1876 3030 mole-

285 3085 375 3166 stiuS,
398 3084 483 3168 quod
506 3083 736 3168 ἀπαλλαγέντες
758 3083 819 3175 ἤδη
841 3083 926 3150 haud
950 3083 1043 3151 dubie
1065 3101 1128 3151 non
1150 3083 1250 3150 solum
1273 3083 1314 3150 ad
1338 3082 1469 3151 chorum
1484 3103 1593 3151 verum
1609 3084 1704 3152 etiam
1719 3085 1759 3152 ad
1774 3085 1877 3169 ipsum

286 3203 452 3272 Curionem
474 3204 672 3274 referendum
695 3210 753 3274 est.
798 3205 970 3289 Reputanti
992 3223 1065 3272 vero
1089 3202 1253 3271 Oariouem
1272 3203 1321 3270 his
1344 3203 1448 3272 verbis
1471 3221 1506 3272 se
1527 3223 1672 3273 scaenam
1693 3205 1876 3273 relicturum

286 3343 357 3393 esse
379 3325 519 3393 indicare
542 3345 578 3393 ac
600 3327 726 3410 legenti,
749 3345 830 3410 quae
853 3327 1007 3392 Ernestas
1035 3325 1177 3409 Droyscu
1207 3325 1240 3390 iu
1262 3325 1505 3404 Quaestiouibus
1534 3326 1573 3393 de
1589 3327 1820 3411 'Aristophanis
1842 3347 1877 3397 re

286 3445 429 3516 scaenica
450 3464 480 3529 p.
504 3451 523 3514 3
546 3465 592 3532 sq.
617 3445 853 3530 diligentissime
875 3447 1041 3530 congessit,
1063 3464 1125 3515 nou
1148 3444 1279 3513 dubium
1302 3446 1372 3522 erit,
1395 3447 1471 3529 quin
1493 3447 1692 3516 scribendum
1714 3448 1772 3514 sii:

645 3565 708 3652 ἐγὼ
735 3565 766 3632 θ’
790 3567 844 3632 λὼν
867 3565 965 3632 εἴσω
987 3563 1103 3654 λάθρᾳ.

288 3689 335 3755 Dc
357 3678 536 3772 corruptela
558 3687 702 3756 conferas
724 3705 842 3772 quaeso
864 3689 944 3770 Eqn.
971 3692 1061 3769 1110,
1085 3687 1140 3756 ubi
1161 3688 1193 3754 in
1216 3689 1399 3756 Rauennate
1422 3693 1455 3756 et
1473 3689 1679 3758 Ambrosiano
1694 3695 1780 3757 recte
1801 3689 1876 3772 legi·

288 3812 342 3876 tur
365 3806 503 3898 τρέχοιμ’
529 3809 567 3873 aa
590 3807 665 3874 εἴσω
689 3809 853 3897 πρότερος,
875 3808 908 3875 in
931 3809 1050 3876 Veneto
1073 3807 1216 3875 Parisino
1239 3808 1458 3876 Laurentiaois
1482 3811 1502 3874 θ
1524 3815 1556 3876 et
1578 3809 1600 3874 Δ
1624 3809 1875 3878 Vaticano-Pala·

288 3931 355 3997 tino
378 3935 410 3997 et
432 3931 653 4016 superscriptis
676 3949 695 3998 a
717 3927 869 4018 secunda:
898 3952 948 4016 γρ.
973 3925 1048 3993 εἴσω
1076 3929 1107 3996 in
1129 3927 1310 3997 Florentino
1334 3926 1514 4021 Γτρέχοιρλ
1551 3931 1589 3996 ἂν
1618 3931 1691 4021 ἤδη
1722 3929 1878 4019 πρότερος

289 4051 441 4135 scriptum
464 4055 560 4118 extat.
