4716 6098
1036 746 1075 807 39

264 939 376 1006 θύουσι
399 941 432 1008 d'
456 943 544 1031 αὐτῷ
567 943 618 1008 διὰ
642 943 714 1024 τίν’;
737 944 773 1008 οὐ
796 944 847 1009 did
870 946 992 1010 τουτονί
998 972 1005 1022 ;
1027 948 1082 1014 ubi
1098 947 1253 1029 Obremyli
1277 947 1581 1031 argumentationem
1595 948 1848 1032 interrumperet,

265 1082 376 1130 verum
399 1085 506 1132 errore
528 1083 666 1132 errorem
688 1066 830 1147 pariente
853 1069 1047 1152 transposuit
1069 1069 1164 1136 etiam
1185 1088 1214 1133 v.
1233 1073 1292 1134 146
1316 1067 1436 1132 ἅπαντα
1459 1077 1506 1155 τῷ
1529 1068 1669 1134 πλουτεῖν
1691 1070 1754 1156 γάρ
1773 1067 1848 1132 ἐσθ’

263 1183 384 1272 ὑπήκοα
406 1189 478 1268 post
499 1203 528 1251 v.
554 1190 613 1250 147
638 1185 692 1274 τὴν
715 1184 843 1270 δύναμιν
865 1185 903 1274 ἢν
925 1188 1007 1274 λυπῇ
1031 1211 1057 1251 τι
1085 1187 1266 1260 καταλύσεις
1291 1187 1390 1272 μόνος
1415 1193 1448 1255 et
1470 1189 1595 1256 Carioni
1624 1190 1737 1256 tribuit
1764 1189 1849 1256 tiem-

261 1309 351 1388 ptum
374 1302 550 1388 Chremylo.
596 1305 657 1384 Qui
679 1291 763 1390 quod
785 1326 813 1372 v.
840 1312 900 1372 146
923 1313 1089 1391 postquam
1111 1310 1238 1376 Plutum
1261 1329 1323 1377 nou
1352 1310 1445 1377 modo
1468 1310 1544 1378 Iove
1570 1310 1668 1376 multo
1697 1329 1767 1378 esse
1795 1329 1850 1393 po

260 1427 442 1510 lentiorem,
473 1428 528 1494 sed
552 1445 757 1511 quaeeunque
780 1429 958 1498 mortalium
987 1430 1106 1496 animos
1136 1429 1330 1498 oblectarent
1351 1431 1444 1496 Pluto
1475 1431 1582 1498 deberi
1610 1428 1848 1511 adfirmavisset,

262 1546 386 1614 adrem
408 1553 569 1630 peractam
591 1549 709 1616 rediret
731 1551 792 1614 iam
815 1550 919 1617 omnia
940 1550 1033 1616 Pluto
1055 1569 1167 1633 perere
1190 1552 1310 1626 dicens,
1333 1552 1365 1617 id
1387 1571 1451 1618 non
1473 1569 1543 1619 esse
1565 1553 1779 1629 tolerandum,
1801 1558 1849 1619 at·

260 1684 321 1749 que
352 1668 454 1752 ipsum
483 1687 622 1745 versum,
644 1671 676 1736 in
698 1687 761 1752 quo
784 1671 943 1737 sententia
963 1671 1055 1738 nimis
1077 1672 1171 1754 plana
1192 1672 1323 1754 inesset,
1348 1691 1475 1739 servum
1497 1674 1597 1756 magis
1621 1673 1731 1742 decere
1754 1691 1849 1757 quam

262 1789 420 1855 dominum
443 1809 500 1872 pro
523 1794 717 1874 argumentis
740 1793 877 1867 addidit;
906 1793 992 1876 quali
1021 1794 1284 1876 argumentationi
1313 1793 1416 1877 ipsum
1445 1813 1529 1862 nuuc
1557 1793 1750 1861 crediturum
1779 1813 1848 1860 esse

261 1911 449 1992 negaverim.

365 2032 456 2110 Quae
479 2057 549 2098 cum
572 2034 620 2099 ita
642 2035 723 2117 sint,
746 2035 873 2101 videtur
894 2035 1033 2101 ononimus
1054 2037 1150 2102 Plutc'
1168 2059 1316 2102 versuum
1338 2037 1368 2101 τόἱ
1394 2039 1485 2103 nobie
1508 2037 1650 2104 traditae
1672 2061 1739 2104 esse
1761 2037 1848 2123 ordo,

261 2176 351 2239 quem
373 2155 606 2242 Aristophanes
628 2156 697 2244 apae
718 2158 827 2224 noluit.

904 2333 1210 2346 Ἠ

362 2521 572 2588 Transeamus
595 2522 634 2588 ad
658 2521 844 2590 emendandi
867 2522 953 2590 alind
976 2541 1085 2606 genus,
1107 2542 1169 2609 quo
1187 2545 1401 2608 personarum
1422 2523 1507 2588 οοιίο
1530 2520 1744 2602 commentatis,
1767 2538 1848 2602 quae

264 2641 380 2710 tradita
402 2647 494 2724 sunt,
523 2642 615 2710 aliter
637 2643 720 2710 inter
749 2661 802 2710 eos
830 2645 884 2725 qui
914 2649 1014 2728 agunt
1043 2645 1285 2712 distribuuntur.
1336 2643 1433 2711 Cuius
1461 2645 1584 2726 generis
1614 2641 1848 2712 emendationes

262 2767 431 2846 propterea
453 2763 535 2828 intcr
557 2761 721 2830 facillimas
743 2768 827 2842 sunt,
851 2765 925 2849 quia
947 2765 979 2831 in
1003 2766 1162 2833 codicibus
1185 2766 1279 2832 aliam
1300 2784 1465 2850 personum
1483 2765 1569 2847 loqui
1584 2765 1720 2848 incipere
1734 2762 1849 2829 lineola

262 2884 312 2950 vel
334 2884 467 2952 nominis
488 2884 597 2966 primis
621 2885 736 2952 litteris
757 2886 890 2952 indicari
913 2887 1044 2968 solebat,
1066 2886 1225 2953 interdum
1247 2905 1322 2954 rero
1346 2886 1440 2952 etiam
1462 2886 1562 2952 omnis
1585 2903 1737 2968 personne
1755 2885 1847 2967 signi·

261 3003 366 3071 ficatio
389 3005 438 3072 vel
461 3009 578 3072 temere
601 3005 651 3072 vel
672 3006 815 3073 consulto
837 3007 869 3072 iu
892 3027 1041 3090 praesens
1065 3009 1278 3076 omittebatur.
1323 3007 1401 3074 Inde
1423 3011 1511 3090 patet
1537 3024 1638 3089 paene
1664 3005 1743 3072 nihil
1771 3002 1848 3071 diffi-

262 3124 388 3191 cultatis
410 3143 480 3192 esse
500 3126 532 3190 in
555 3125 600 3192 eis
622 3144 827 3209 personarum
850 3128 1149 3210 permutationibus,
1178 3129 1292 3210 quibus
1314 3144 1443 3210 prorsus
1467 3127 1576 3196 eadem
1598 3126 1695 3193 verbo
1716 3145 1755 3192 nc
1775 3124 1848 3192 toti-

262 3245 332 3311 dem
355 3245 409 3312 alii
442 3263 594 3328 personae
616 3246 814 3322 tribuuntur,
842 3247 926 3314 notis
955 3252 1078 3314 tantum
1105 3265 1309 3330 personarum
1339 3248 1477 3314 mutatis.
1528 3246 1626 3312 Paulo
1659 3244 1848 3312 difficiliores

263 3365 411 3432 videntur·
433 3384 535 3450 neque
559 3371 664 3434 tamen
687 3385 750 3433 non
771 3367 877 3436 faciles
900 3385 969 3434 esse
991 3387 1057 3445 eae,
1080 3369 1196 3452 quibus
1218 3389 1300 3453 quoe
1321 3370 1419 3437 verba
1441 3369 1474 3434 in
1496 3367 1654 3434 codicibus
1673 3367 1765 3434 unius
1780 3386 1849 3451 per·

262 3503 358 3554 sonae
379 3492 464 3570 sunt,
488 3487 625 3556 dissecto
647 3488 770 3556 duabus
793 3489 1033 3556 distribuuntur.
1079 3489 1215 3557 Maxime
1236 3509 1311 3556 vero
1334 3489 1518 3572 impeditum
1541 3488 1574 3554 id
1588 3506 1688 3570 genus
1705 3492 1763 3568 est,
1785 3506 1848 3570 quo
1929 3497 1931 3499 ’

261 3625 415 3690 personae
437 3612 600 3676 mubntur
622 3610 822 3676 commutatis
844 3611 939 3678 etiam
961 3611 1074 3692 verbis,
1096 3629 1199 3695 neque
1221 3615 1326 3678 tamen
1348 3609 1529 3694 impeditius
1552 3627 1647 3693 quam
1670 3626 1776 3676 omnes
1792 3625 1848 3674 eae

262 3727 504 3808 emendationes
527 3749 609 3814 quae
632 3730 763 3798 diversis
786 3731 972 3799 emendandi
994 3731 1161 3816 generibus
1184 3732 1359 3798 coniunctis
1382 3730 1569 3799 efficiuntur.

364 3848 414 3914 Ad
439 3850 575 3932 primum
603 3869 702 3934 genus
730 3852 883 3934 pertinet,
912 3853 996 3937 quod
1021 3853 1279 3920 Hemsterbusius
1308 3873 1336 3919 v.
1362 3854 1402 3918 65
1431 3852 1464 3916 ελ
1489 3852 1539 3940 μὴ
1569 3850 1740 3938 φράσεις
1764 3850 1847 3936 γάρ,

263 3967 336 4032 ἀπό
358 3967 392 4031 σ’
415 3969 492 4034 ὀλῶ
516 3972 629 4036 κακὸν
652 3977 791 4050 κακῶς,
822 3991 915 4054 quem
938 3974 1009 4040 libri
1032 3973 1198 4058 Chremylo
1221 3976 1422 4052 continuant,
1451 3973 1577 4040 Carioni
1601 3971 1689 4036 dedit
1710 3970 1848 4036 firmissi-

262 4090 321 4155 mis
344 4108 420 4156 usus
444 4092 646 4173 argumentis.
691 4093 811 4172 Quibus
834 4094 1032 4180 Hirsehigius
1050 4095 1207 4162 Philol.V
1229 4115 1259 4178 p.
1277 4100 1338 4161 278
1362 4098 1473 4163 contra
1494 4093 1679 4161 novissimos
1701 4091 1848 4172 editores,

262 4209 316 4292 qui
331 4211 606 4278 Hemsterhusium
628 4215 729 4280 secuti
751 4219 834 4296 sunt,
858 4216 918 4283 hoe
940 4234 1037 4282 unum
1060 4216 1215 4299 opposuit,
1238 4215 1299 4300 γὰρ
1320 4213 1400 4281 illud
1422 4219 1455 4279 in
1477 4214 1614 4280 secundo
1636 4231 1730 4280 versu
1752 4211 1848 4293 priori

261 4333 433 4398 secundum
458 4334 649 4418 iungendum
673 4354 742 4403 esse
762 4336 897 4404 clamare
919 4336 1084 4418 eidemque
1106 4353 1259 4416 personae
1273 4333 1484 4412 tribuendum,
1507 4339 1657 4416 tanquam
1673 4350 1734 4398 non
1749 4331 1850 4415 possit

267 4452 380 4534 aliquis
402 4455 483 4522 alius
505 4455 602 4521 verbo
623 4455 668 4520 ita
688 4473 747 4522 sua
768 4456 915 4538 reddere,
937 4462 975 4522 ut
994 4453 1056 4521 illis
1077 4473 1213 4537 suaper
1234 4454 1295 4540 γὰρ
1316 4454 1501 4537 particulam
1527 4454 1688 4534 adnectnt3
1711 4453 1743 4518 id
1765 4451 1849 4536 quod

264 4575 349 4657 apud
370 4576 611 4661 Aristophanem
633 4577 815 4661 saepissime
836 4575 904 4643 lieri
926 4575 1075 4659 exemplis
1098 4575 1312 4642 demonstrare
1333 4575 1448 4643 taedet.

376 4697 561 4778 Quanquam
583 4698 702 4765 multae
722 4699 817 4765 buius
838 4698 923 4764 modi
946 4698 1145 4780 quaestiones
1167 4698 1207 4763 nd
1236 4715 1363 4764 sensum
1390 4696 1533 4762 redeunt.
1582 4695 1672 4774 Quod
1700 4693 1767 4760 fieri
1797 4711 1850 4760 ne-

261 4835 347 4884 cesse
371 4823 435 4899 est,
465 4837 536 4885 eum
567 4819 705 4887 eiusdem
734 4817 878 4886 laedonis
910 4818 992 4885 duae
1013 4837 1166 4902 personne
1189 4818 1302 4885 tertiae
1330 4816 1488 4884 obsistunt
1514 4833 1616 4898 neque
1645 4815 1707 4880 alia
1733 4813 1848 4881 indicia

264 4956 361 5020 quam
383 4956 506 5006 momm
529 4939 708 5008 discrimina
729 4944 856 5022 praesto
878 4943 962 5004 suut.
1007 4937 1060 5004 Sic
1084 4937 1203 5004 nolenti
1230 4937 1421 5020 persuadere
1448 4953 1509 5002 non
1539 4935 1657 5017 poteris
1685 4954 1714 5001 v.
1739 4940 1779 4999 78
1801 4951 1847 5014 sq.

260 5057 399 5127 vernare
418 5060 649 5147 μιαρώτατε
671 5059 826 5147 ἀνδρῶν
850 5059 1050 5134 ἁπάντων,
1073 5056 1143 5122 εἶτ’
1167 5056 1301 5139 ἐσίγας
1322 5055 1493 5126 Πλοῦτος
1514 5052 1581 5129 ὤν;
1608 5053 1744 5133 Carioni,
1767 5071 1848 5136 quae

260 5187 410 5248 secuntur
430 5201 460 5247 τ.
484 5186 526 5249 80
548 5183 592 5247 σὺ
616 5180 802 5259 Πλοῦτος,
831 5219 873 5229 -
895 5202 925 5246 v.
949 5185 988 5247 82
1012 5179 1166 5249 ἐκεῖνος
1187 5177 1309 5248 ὄντος
1337 5175 1375 5241 εἴ
1399 5177 1462 5257 σὺ;
1490 5175 1656 5258 Obremylo
1679 5173 1849 5241 tribuenda
