4716 6098
1107 757 1125 818 5

1011 843 1219 854 u———

324 963 365 1024 60
390 961 513 1044 πρῶτον
533 957 592 1043 μέν
620 957 654 1042 γ’
676 956 738 1048 ἔχιν
770 958 824 1029 τὰς
847 959 1010 1047 pampulo<
1038 959 1155 1049 λόχμης
1177 957 1364 1046 δασυτέρας,
1410 958 1482 1044 Lys.
1508 963 1569 1026 589
1596 961 1772 1045 πρώτιστον
1792 959 1851 1043 μέν
1874 983 1910 1042 7⁸

324 1081 476 1160 τεκοῦσαι,
504 1079 622 1146 111120
646 1081 699 1168 τὴν
718 1079 777 1164 μέν
799 1103 836 1163 γε
858 1082 986 1170 πρώτην
1008 1079 1212 1166 διαλέγουσαν
1235 1081 1290 1170 τὴν
1312 1080 1401 1170 ὀπήν.
1440 1081 1552 1162 Itaque
1574 1086 1611 1148 ut
1631 1081 1735 1148 brevis
1758 1079 1817 1148 slm
1840 1081 1909 1148 Ari-

324 1200 510 1282 stophanem
532 1201 695 1284 scripsisse
716 1199 852 1268 conlido:
1832 1175 1838 1188 ⁸

702 1320 757 1386 οόιι
778 1318 844 1386 ἀλλ’
865 1317 952 1386 Ἰασὼ
972 1321 1044 1406 μέν
1073 1321 1115 1406 γέ
1139 1345 1196 1392 τις
1218 1319 1426 1386 ἁκολουδοῦσ’
1456 1321 1531 1407 ἅμα,

323 1461 361 1509 en
383 1442 497 1526 quibus
513 1442 671 1510 vocubulis
694 1442 864 1510 deteriores
887 1443 1009 1510 codices
1031 1466 1076 1526 re,
1092 1443 1231 1510 Venetus
1254 1465 1300 1513 τις
1320 1442 1432 1522 omisit,
1457 1461 1527 1510 cum
1542 1441 1707 1509 Ravennas
1725 1441 1829 1509 omnia
1844 1463 1906 1510 ser·

322 1562 451 1630 raverit.
480 1563 781 1631 Procelcusmaticus
803 1583 865 1630 non
887 1565 1048 1648 displicuit
1061 1565 1240 1633 Godolredo
1255 1566 1436 1633 Hermanno
1451 1564 1549 1631 Elem.
1566 1564 1666 1630 doctr.
1682 1570 1772 1630 metr.
1789 1584 1819 1648 p.
1839 1570 1908 1631 128.

407 1684 512 1750 Elium
542 1703 570 1749 v.
595 1689 656 1751 806
685 1683 787 1748 odron
815 1686 856 1749 τό
886 1687 1064 1750 πλουτεῖν
1090 1685 1197 1750 ἐστιν
1225 1685 1296 1773 ὴδδ
1329 1689 1488 1771 πρᾶγμα
1516 1684 1562 1772 δὴ
1588 1705 1646 1768 pro
1676 1684 1716 1772 δή
1746 1685 1909 1768 particula,

323 1823 417 1888 quam
446 1804 563 1872 asolis
590 1805 750 1874 codicibus
772 1779 958 1874 Rauennate
986 1814 1019 1875 et
1040 1809 1161 1875 Veneto
1190 1807 1346 1890 Bergkius
1375 1811 1408 1873 et
1436 1807 1611 1874 Meinekius
1641 1811 1843 1888 acceperunt,
1872 1825 1911 1872 ex
2042 1845 2048 1854 ·

325 1925 437 1992 ceteris
470 1925 629 1992 codicibus
665 1949 691 1990 ιι
717 1927 946 1994 restituendum
981 1946 1050 1995 esse
1086 1928 1219 1994 videtur.
1265 1929 1333 1994 Hoc
1362 1928 1444 1996 enim
1472 1935 1563 1996 vetus
1597 1926 1766 1994 scholiasta
1797 1926 1910 2012 legisse

323 2045 457 2126 videtur,
480 2047 534 2128 qui
553 2046 631 2114 huet
652 2045 798 2114 adnotat:
817 2043 1010 2135 Ἀδιανόητος
1033 2047 1050 2110 ό
1074 2045 1189 2132 ἴαμβος
1209 2046 1229 2136 ἢ
1252 2047 1333 2135 πρὸς
1354 2047 1391 2111 τὰ
1413 2047 1478 2111 ἄνια

794 2169 841 2233 καὶ
864 2171 961 2233 ταῦτα
973 2167 1074 2256 μηδὲν
1097 2166 1289 2251 ἐξενεγκόντ’
1312 2165 1444 2233 οἴκοθεν·

325 2287 425 2354 odron
447 2289 507 2377 γὰρ
536 2288 606 2380 ἡδύ
637 2289 671 2354 τί
697 2287 778 2353 ἐστι
801 2295 955 2376 πρᾶγμα
982 2290 1021 2354 τὸ
1045 2289 1232 2356 πλουτεῖν.
1269 2289 1372 2357 Huius
1395 2290 1504 2359 scholii
1520 2290 1692 2362 auctoritas
1708 2289 1911 2358 confirmatur

324 2411 658 2496 similitudinehorum
679 2410 831 2478 locorum:
860 2411 987 2494 Antiph.
1018 2408 1104 2477 Com.
1128 2409 1180 2475 III
1206 2430 1237 2493 p.
1269 2416 1328 2476 137
1360 2410 1465 2475 odron
1496 2411 1661 2498 στερεόν
1691 2433 1721 2475 τι
1751 2415 1911 2497 πρᾶγμα

326 2529 444 2619 δερμόν
471 2528 544 2596 ἐσθ’
570 2531 674 2619 ὕδωρ,
698 2533 844 2600 Menand.
868 2531 953 2599 Com.
979 2533 1032 2598 IV.
1060 2549 1090 2614 p.
1117 2537 1178 2598 150
1205 2531 1304 2597 οὕτω
1336 2556 1366 2597 τι
1390 2529 1532 2620 πρᾶγμ’
1562 2530 1627 2597 ἐστ’
1658 2531 1846 2598 ἐπίπονον
1869 2533 1910 2594 τό

326 2651 513 2738 προσδοκᾶν,
535 2674 565 2737 p.
590 2659 652 2720 215
675 2651 1109 2742 δυσπαραιολοόδητόν
1132 2677 1165 2717 τι
1187 2649 1330 2741 πρᾶγμ’
1354 2653 1435 2718 ἐστὶν
1458 2652 1542 2743 τύχη.

435 2773 483 2842 Ut
503 2774 565 2840 iam
581 2774 621 2840 ad
644 2774 816 2856 scripturas
831 2774 982 2856 quasdam
998 2774 1189 2842 Ravennatis
1203 2773 1346 2857 proprias
1361 2779 1558 2841 transeamus
1579 2792 1607 2839 v.
1622 2779 1663 2842 98
1679 2774 1819 2839 πολλοῦ
1841 2775 1913 2860 γὰρ

327 2893 469 2966 αὐτοὺς
490 2893 557 2984 οὐχ
578 2894 729 2981 ἑόρακά
750 2917 803 2960 πα
820 2895 970 2985 χρόνον
992 2901 1120 2980 praeter
1141 2895 1229 2961 illum
1254 2895 1392 2962 codicem
1414 2911 1521 2960 omnes
1550 2917 1608 2958 που
1636 2895 1782 2962 exhibere
1804 2895 1910 2962 videu-

327 3022 379 3082 tur
406 3033 463 3099 pro
494 3039 558 3092 πω,
587 3033 681 3098 quam
709 3017 852 3084 voculam
874 3017 1028 3084 neminem
1051 3017 1141 3084 video
1164 3020 1302 3082 tutatum
1329 3034 1399 3084 csse
1421 3033 1484 3082 uno
1508 3015 1670 3084 Dindorfio
1694 3021 1832 3098 excepto.
1878 3017 1910 3084 ls

327 3157 401 3206 vero
424 3137 508 3221 quod
532 3136 665 3204 conferri
686 3137 780 3204 iussit
800 3137 881 3219 Equ.
897 3143 959 3204 944
982 3137 1047 3208 olor
1068 3136 1172 3207 οὐδείς
1193 3119 1242 3201 πα
1259 3136 1379 3226 χρόνον
1400 3156 1462 3204 non
1484 3139 1563 3204 satis
1585 3136 1742 3204 sollertem
1765 3156 1799 3204 sa
1821 3156 1911 3222 prae·

216 3351 222 3360 ι
326 3258 407 3326 stitit
436 3263 620 3341 pauonum,
643 3275 714 3326 cum
742 3257 774 3323 in
800 3257 859 3324 hoc
886 3258 971 3325 Pluti
997 3276 1108 3340 versu,
1138 3259 1166 3325 si
1195 3258 1270 3341 quid
1301 3259 1416 3337 sentio,
1446 3278 1509 3326 non
1524 3260 1688 3342 genetivus
1711 3259 1778 3344 ipsc
1800 3258 1856 3326 scd
1878 3259 1910 3326 id

325 3379 440 3446 mirum
462 3379 518 3460 sit,
541 3377 626 3466 quod
648 3379 781 3446 adversa
804 3377 906 3446 fronte
935 3380 1017 3444 inter
1039 3397 1074 3445 se
1095 3397 1238 3463 pugnare
1265 3379 1412 3448 videntur
1440 3380 1496 3470 οὐχ
1523 3379 1643 3467 ἑόρακά
1670 3403 1718 3444 τιν
1741 3385 1774 3448 et
1796 3379 1908 3444 πολλοῦ

321 3499 449 3590 χρόνον.
495 3499 543 3565 Νε
567 3517 625 3582 ego
648 3498 774 3583 quidem
796 3498 902 3580 plures
924 3499 1008 3567 locos
1031 3497 1155 3566 adferre
1177 3518 1314 3583 possum,
1338 3502 1392 3582 qui
1407 3499 1481 3567 huic
1494 3501 1571 3567 satis
1586 3500 1703 3568 similes
1717 3501 1788 3582 sint,
1816 3520 1910 3585 quam

329 3641 426 3689 unum
448 3621 665 3704 Xenophontis
688 3621 788 3698 Anah.
805 3620 830 3702 I,
854 3626 883 3702 9,
905 3624 946 3686 25
969 3619 1067 3704 λέγων
1089 3621 1135 3684 ότι
1157 3618 1261 3684 οὔπω
1284 3620 1324 3710 δὴ
1348 3621 1490 3685 πολλοῦ
1508 3619 1657 3710 χρόνον
1681 3620 1790 3686 τούτου
1812 3619 1911 3710 ἡδίονι

329 3743 404 3832 οἴνῳ
428 3742 577 3834 ἐπιτύχοι,
599 3744 631 3810 in
653 3761 716 3825 quo
737 3743 822 3825 quod
852 3741 947 3810 sciam
976 3761 1067 3808 nemo
1091 3761 1129 3808 ex
1152 3741 1323 3808 editoribus
1345 3741 1456 3808 haesit.
1501 3741 1604 3808 liuius
1626 3741 1686 3808 loci
1707 3741 1911 3809 similitudine

297 3909 299 3916 .
326 3867 372 3934 ita
394 3869 482 3946 utor,
505 3869 542 3932 ut
564 3865 749 3949 contemptis
772 3865 817 3931 eis
840 3863 997 3943 omnibus,
1021 3881 1101 3947 quae
1123 3862 1265 3930 homines
1292 3863 1463 3930 doctissimi
1493 3863 1763 3944 coniectandum,
1792 3863 1913 3950 ἑόρακά

328 4011 376 4052 πυ
399 4007 437 4055 ex
465 3987 647 4054 mvennaue
676 3987 794 4070 optimo
820 3984 901 4052 libro
923 3986 1047 4068 integra
1067 3985 1218 4069 accipiam
1240 4000 1343 4065 neque
1370 4002 1444 4050 vero
1468 3983 1661 4052 Mainekium
1684 3989 1717 4052 et
1739 3983 1911 4068 Bergidum

327 4115 455 4178 secutus
470 4109 503 4175 in
517 4104 624 4196 ἐόριοί
649 4107 712 4192 ἐγώ
735 4108 784 4174 vel
793 4107 1014 4191 Kappeynium
1028 4106 1060 4172 in
1074 4105 1242 4192 ’ἑοροιδμύ
1259 4109 1454 4174 commutem.
1478 4103 1555 4188 lico,
1569 4105 1653 4188 quod
1669 4106 1753 4173 omni
1767 4105 1798 4172 ui
1813 4111 1910 4187 carot,

326 4229 376 4297 hic
397 4229 429 4296 in
451 4229 659 4296 deterioribus
688 4229 776 4296 libris
799 4229 907 4296 codem
929 4225 1082 4296 medoen
1111 4249 1159 4291 πω
1185 4227 1364 4310 corruptum
1393 4232 1525 4310 estque
1553 4227 1634 4308 Equ.
1659 4231 1721 4293 944
1748 4226 1782 4292 in
1804 4225 1911 4294 codice

326 4349 506 4418 Florentino
529 4347 562 4413 Γ.

411 4471 455 4538 Ut
483 4472 543 4539 hoo
565 4470 634 4538 loco
656 4489 694 4538 ea
715 4471 784 4555 lege
807 4477 843 4538 ut
864 4471 941 4537 nihil
962 4469 1048 4536 aliud
1076 4472 1216 4536 mutetur
1244 4468 1435 4535 Ravennatis
1462 4467 1626 4536 lectionem
1649 4469 1910 4550 comprobandam

326 4611 396 4659 esse
417 4609 539 4669 censen,
561 4592 606 4660 sic
633 4611 661 4657 v.
687 4596 748 4658 564
776 4593 831 4656 ότι
857 4589 1069 4679 κοσμιότης
1089 4585 1287 4675 ολκεῖμετ’
1317 4588 1429 4674 ἐμοῦ,
1460 4591 1524 4654 τοῦ
1553 4589 1724 4654 πλοότου
1748 4587 1782 4653 δ’
1806 4587 1910 4652 ἐστίν

328 4713 507 4802 ὑβρίζειν
530 4715 613 4798 quod
636 4715 800 4781 Ravemm
823 4713 948 4780 exbibet
970 4705 1143 4799 ἐνυβρίζειν
1165 4711 1295 4778 verbum
1317 4711 1523 4793 compositum
1547 4711 1642 4778 verbo
1664 4710 1796 4793 simplici
1818 4729 1909 4792 prae-

326 4834 489 4902 ferendum
512 4834 639 4919 quidem
661 4834 740 4902 duco
762 4851 863 4915 neque
885 4837 988 4898 tamen
1012 4833 1058 4898 ita
1079 4837 1116 4898 ut
1137 4851 1175 4898 ex
1190 4830 1317 4914 Bergkii
1340 4831 1520 4898 coniectura
1541 4833 1697 4900 scribatur
1717 4832 1820 4916 μετὰ
1843 4831 1909 4895 τοῦ

327 4953 504 5020 Πλούτου
535 4953 567 5018 δ’
596 4953 830 5042 ἐνυβρίζειν.
875 4953 990 5020 Fateor
1018 4951 1143 5036 qudem
1170 4951 1267 5018 fuisse
1289 4971 1351 5037 quo
1380 4957 1520 5037 tempore
1547 4955 1616 5038 ipse
1645 4954 1798 5037 opinarer,
1826 4951 1909 5038 quod

328 5077 495 5145 &vennas
519 5099 543 5142 τ.
567 5072 622 5139 Ill.
646 5071 677 5139 d’
701 5074 872 5162 ἐνυβρίζειν
895 5075 1020 5141 exhibet
1041 5093 1062 5139 a
1082 5074 1200 5142 recenti
1223 5073 1347 5140 demum
1369 5091 1465 5140 manu
1488 5075 1600 5157 copula
1620 5073 1742 5155 addita,
1764 5073 1798 5140 id
1819 5071 1908 5156 signo
2004 5071 2012 5085 '

328 5217 397 5270 esse
419 5197 659 5281 Aristophanem
689 5197 791 5265 verbis
822 5199 874 5261 τοῦ
905 5194 1037 5260 πλούτου
1068 5193 1102 5258 δ’
1125 5177 1297 5280 ἐνυβρίζειν
1319 5213 1444 5262 uersum
1471 5195 1580 5264 eodem
1609 5196 1701 5262 modo
1725 5191 1909 5262 concludere
