4716 6098
1278 757 1318 820 38

507 973 629 1022 omrrem
653 974 740 1038 spem
764 961 918 1022 evertunt.
959 956 1012 1025 ,Ab
1034 956 1093 1024 hac
1114 963 1206 1041 parte
1226 959 1354 1042 probari
1376 964 1482 1044 potest
1503 979 1541 1026 ea
1568 962 1787 1044 transpositio,
1817 981 1912 1046 qoam
1935 983 1993 1046 ego
2016 973 2092 1034 ante

509 1075 728 1158 Kappeyninm
757 1075 789 1140 in
812 1074 907 1142 Libro
935 1077 1133 1144 miscellaneo
1158 1099 1188 1162 p.
1213 1083 1253 1145 63
1281 1081 1431 1163 proposui
1458 1099 1615 1164 quamque
1643 1083 1675 1146 in
1703 1082 1869 1150 annalibus
1897 1083 2093 1169 philologieis

505 1198 526 1262 l.
549 1197 570 1261 l.
593 1215 642 1262 me
665 1195 865 1264 defensurum
888 1217 958 1266 esse
980 1199 1058 1281 dini,
1086 1201 1160 1268 dum
1183 1201 1302 1282 aliquid
1325 1203 1438 1268 melius
1460 1203 1620 1270 inventum
1650 1207 1743 1269 esset.
1787 1205 1881 1270 Volui
1910 1206 1992 1272 enim
2023 1225 2094 1273 ver·

506 1314 885 1408 semicremata,
909 1318 1035 1396 aiath,
1062 1320 1094 1386 id
1123 1322 1207 1402 quod
1236 1326 1268 1388 et
1295 1323 1327 1388 in
1350 1322 1508 1389 codicibus
1531 1326 1563 1388 ci
1588 1323 1621 1388 in
1652 1322 1840 1390 editionibus
1868 1323 1921 1405 lit,
1950 1325 2094 1409 excipere

505 1457 534 1504 v.
559 1441 620 1504 263
643 1442 765 1528 ᾠυχροῦ
786 1437 859 1522 βίου
879 1441 955 1514 κτλ.;
978 1442 1052 1506 item
1075 1459 1104 1505 v.
1128 1445 1189 1506 265
1213 1439 1293 1529 ἔχων
1316 1441 1441 1527 ἀφῖκται
1463 1441 1523 1505 κτλ.
1548 1441 1634 1506 illum
1657 1443 1823 1527 subsequi,
1851 1443 1963 1511 deinde
1985 1451 2091 1512 autem

506 1577 554 1626 vv.
584 1563 655 1625 268.
687 1563 749 1625 269
779 1557 805 1622 ὦ
829 1561 950 1648 χρυσὸν
979 1561 1125 1644 ἀγγείλας
1152 1561 1238 1626 ἐπῶν
1267 1561 1328 1625 κτλ.
1356 1598 1399 1609 -
1423 1561 1598 1650 χρημάτων
1627 1559 1738 1651 ἔχοντα
1765 1567 1798 1630 et
1826 1562 1969 1632 Curionis
1996 1566 2093 1634 verba

506 1679 724 1766 πρεσβυτικῶν
743 1682 803 1765 μὲν
825 1679 881 1746 οὖν
904 1690 1006 1745 κακῶν
1028 1679 1127 1766 ἔγωγ’
1149 1679 1260 1771 ἔχοντα
1282 1683 1398 1765 σινρόν,
1427 1683 1542 1765 quibus
1563 1682 1648 1750 idem
1669 1683 1801 1750 adderet
1819 1686 1971 1771 ῥυπῶντα
1994 1685 2093 1773 κυφὸν

505 1799 613 1865 ἄθλιον
633 1803 733 1888 ῥυσὸν
753 1800 907 1887 ραὸῶντα
929 1802 1045 1866 νιοὸόν·
1068 1801 1152 1886 οἶμαι
1181 1803 1218 1867 d}
1241 1804 1275 1890 νὴ
1303 1801 1356 1865 τὸν
1383 1797 1517 1886 οὐρανὸν
1547 1803 1596 1866 καὶ
1624 1803 1732 1888 ψωλὸν
1761 1799 1855 1869 αὐτὸν
1886 1803 1972 1870 εἶναι.
2016 1807 2094 1874 Post

505 1940 535 1986 v.
559 1925 620 1988 265
643 1927 750 1989 autem
772 1922 924 1990 excidisse
946 1923 1063 1990 conieci
1085 1941 1184 1988 unum
1206 1940 1329 1990 versum
1351 1922 1417 1989 ferc
1439 1921 1551 1988 talem:

877 2044 914 2114 ὸς
935 2039 1052 2114 πάντας
1073 2043 1154 2128 ὑμᾶς
1174 2041 1301 2125 ὀλβίους
1321 2044 1370 2106 καὶ
1392 2041 1557 2114 πλουσίους
1579 2045 1709 2134 ποιήσει.

506 2170 570 2236 Sed
591 2169 672 2236 hane
695 2168 969 2251 transpositionem
992 2171 1159 2250 propterea
1181 2165 1410 2231 intolerabilem
1432 2181 1501 2231 esse
1523 2170 1615 2248 puto,
1641 2165 1725 2246 quod
1748 2164 1789 2232 ad
1812 2166 1899 2234 chori
1920 2167 2017 2234 verba
2039 2167 2092 2256 δη-

506 2293 573 2360 λοῖς
594 2289 655 2375 γὰρ
678 2289 738 2354 κτλ.
783 2287 877 2354 Cario
900 2306 962 2354 non
984 2292 1089 2370 potest
1111 2287 1317 2372 respondere:
1340 2285 1558 2372 πρεσβυτικῶν
1577 2283 1637 2371 μὲν
1657 2283 1714 2349 οὖν
1737 2293 1841 2350 κακῶν
1863 2286 1924 2350 κτλ.
1948 2287 2009 2354 nisi
2027 2307 2094 2355 me·

506 2412 545 2477 lis
566 2411 717 2478 senilibus
738 2415 833 2476 anteo
854 2409 1018 2476 enarratis.
1063 2409 1109 2475 Ac
1131 2427 1212 2493 quae
1233 2413 1300 2474 tom
1323 2425 1373 2472 me
1395 2411 1562 2474 moverunt
1582 2425 1713 2484 canisae,
1741 2425 1794 2475 eas
1816 2427 1899 2475 nune
1927 2414 2091 2476 contemno

505 2537 538 2599 et
566 2549 648 2613 quae
677 2533 708 2598 in
739 2531 898 2598 codicibus
926 2531 1088 2614 leguntur,
1124 2530 1169 2596 sic
1197 2529 1395 2612 interpretor.
1447 2529 1570 2596 Chorus
1604 2547 1713 2596 senum
1743 2530 1872 2597 auribus
1898 2531 2000 2597 utitur
2029 2549 2092 2598 nen

504 2655 550 2720 ita
572 2652 750 2734 subtilibus,
774 2651 830 2717 sed
852 2669 934 2733 quae
955 2650 1119 2733 paululum
1141 2651 1203 2717 iam
1226 2643 1469 2731 obsurduerunt,
1491 2653 1528 2715 nt
1548 2647 1642 2716 Cario
1664 2650 1780 2718 cudere
1801 2652 1910 2735 possit,
1932 2651 1961 2719 ei
1982 2669 2011 2718 v.
2028 2655 2088 2718 261

507 2775 623 2855 dicere,
646 2791 680 2840 se
703 2773 886 2839 iamdudum
908 2773 1087 2855 aperuisse,
1117 2790 1174 2838 enr
1195 2789 1268 2838 erus
1290 2770 1378 2837 illum
1401 2771 1575 2852 vocaverit,
1604 2790 1677 2838 eum
1699 2777 1805 2838 autem
1832 2790 1894 2839 non
1922 2772 2089 2840 audivisse.

504 2895 619 2979 Itaque
641 2913 711 2961 cum
734 2892 816 2975 inde,
839 2894 923 2977 qued
947 2892 1038 2959 Cario
1061 2912 1090 2959 v.
1108 2897 1168 2958 262
1192 2911 1238 2976 sq.
1261 2893 1458 2974 promiserat
1481 2909 1535 2958 eos
1557 2891 1672 2958 misera
1694 2892 1758 2960 vita
1779 2893 1930 2961 liberatos
1951 2893 2090 2960 netues

505 3033 589 3096 esse,
626 3015 741 3082 chorus
770 3014 972 3097 conlegisset,
1007 3012 1207 3097 Chremylom
1236 3014 1340 3080 subito
1372 3014 1499 3080 divitem
1533 3012 1649 3080 iactum
1685 3031 1769 3098 esse,
1805 3013 1920 3100 gaudio
1955 3014 2090 3082 maximo

504 3142 616 3218 eaptus
643 3155 724 3220 quae
748 3137 879 3219 optabat
908 3135 1231 3228 eredensssariouem
1260 3136 1344 3202 mala
1373 3135 1483 3202 senilia
1512 3141 1709 3202 enarrantem
1738 3135 1848 3204 audire
1878 3136 1938 3204 sibi
1965 3136 2090 3202 ridetur

504 3276 652 3327 enarrare
672 3276 778 3324 rernm
800 3257 1095 3341 pretiosissimarum
1117 3257 1242 3340 longam
1272 3256 1394 3323 seriem.
1443 3256 1624 3340 Respondet
1651 3256 1748 3341 igitur
1776 3276 1848 3324 curn
1875 3257 1942 3324 risu
1971 3275 2089 3339 eorum,

504 3380 558 3464 qui
580 3378 729 3461 andiunt,
754 3378 781 3442 ὦ
797 3380 920 3468 χρυσὸν
943 3377 1087 3462 ἀγγείλας
1107 3379 1193 3443 ἐπῶν
1217 3385 1288 3448 πῶς
1309 3377 1388 3472 φής
1419 3371 1507 3442 πάλιν
1530 3373 1657 3464 φράσον
1675 3401 1747 3463 μοι·
1775 3377 1882 3466 δηλοῖς
1907 3379 1968 3467 γὰρ
1995 3375 2090 3445 αὐτὸν

504 3501 611 3588 σωρὸν
633 3501 716 3588 ἣκειν
732 3495 906 3590 χρημάτων
928 3497 1049 3590 ἔχοντα,
1076 3501 1126 3568 cui
1149 3500 1241 3568 Cario
1263 3501 1439 3567 verissime:
1464 3499 1683 3586 πρεσβυτικῶν
1702 3497 1761 3584 μὲν
1783 3497 1839 3564 οὖν
1862 3507 1966 3564 κακῶν
1989 3496 2088 3583 ἔγωγ’

505 3619 614 3710 ἔχοντα
644 3619 758 3706 σωρόν.
809 3620 878 3701 Qua
904 3621 936 3686 in
963 3621 1222 3705 interpretatione
1249 3639 1287 3688 ea
1314 3639 1350 3687 re
1376 3638 1439 3686 non
1465 3620 1634 3704 impedior,
1663 3622 1747 3704 quod
1777 3639 1889 3689 senum
1917 3621 2089 3688 sordidatis

503 3747 614 3826 postea
635 3741 754 3808 nullum
777 3745 863 3810 extat
883 3742 1065 3826 vestiginm3
1088 3761 1160 3810 nam
1183 3761 1264 3826 quae
1281 3760 1343 3810 non
1359 3742 1549 3810 abhorrebat
1564 3763 1583 3810 a
1598 3760 1708 3810 senum
1723 3749 1846 3825 natura,
1869 3761 1907 3809 ea
1922 3747 2090 3827 postquam

504 3863 601 3932 semel
622 3863 720 3929 risum
742 3883 850 3930 corum
872 3863 927 3948 qui
947 3862 1118 3932 audiebant
1139 3865 1246 3946 movit,
1269 3863 1359 3931 facile
1381 3867 1507 3947 poterat
1526 3869 1638 3946 postea
1658 3864 1782 3948 neglegi
1803 3883 1823 3930 a
1843 3869 1938 3947 poeto
1961 3863 2087 3930 comico.

607 3983 660 4052 Me
681 4001 743 4052 non
764 3984 884 4053 felicior
906 3984 968 4053 init
988 3985 1217 4052 Heimreiehius
1238 3984 1258 4049 l.
1280 3984 1301 4048 l.
1324 4004 1355 4067 p.
1373 3989 1411 4049 17
1434 4003 1504 4052 cum
1527 4001 1565 4050 er
1587 3984 1730 4052 versibus
1752 4001 1801 4050 vv.
1820 3987 1987 4050 140-148
2009 3983 2090 4051 duos

504 4111 731 4189 transponeret
776 4107 910 4173 Miratus
932 4107 1015 4173 enim
1037 4108 1164 4174 Plutum
1187 4110 1255 4173 toto
1278 4105 1435 4189 Chremyli
1457 4105 1728 4188 argumentatione
1749 4124 1778 4171 v.
1805 4110 1864 4170 142
1893 4103 1983 4171 finita
2003 4124 2089 4174 nune

504 4226 630 4293 demum
651 4245 679 4293 v.
701 4231 761 4293 143
785 4225 814 4291 τί
831 4226 945 4310 λέγεις
969 4225 1011 4292 δι’
1034 4225 1091 4313 ἐμὲ
1114 4222 1242 4294 θύουσιν
1265 4222 1366 4314 αὐτοῖς
1390 4225 1477 4290 ΧΡΕ.
1502 4224 1586 4316 φήμ’
1610 4223 1673 4307 ἐγώ
1696 4224 1735 4292 dc
1757 4223 1841 4290 illins
1863 4225 2028 4308 sententia,
2051 4245 2090 4292 ex

503 4368 567 4434 qua
588 4348 737 4416 mortales
758 4352 888 4434 prepter
909 4348 1034 4416 dividas
1062 4367 1152 4416 saera
1180 4347 1286 4416 lacere
1314 4347 1534 4430 contenderat,
1563 4347 1722 4428 dubitare,
1753 4365 1824 4414 enm
1846 4346 2090 4431 Aristophanem

502 4472 584 4538 hane
605 4470 690 4538 Plnti
711 4470 878 4537 stultitiam
900 4471 1075 4553 mentisque
1097 4453 1279 4537 tarditatem
1300 4468 1447 4537 ficturum
1469 4467 1565 4536 luisse
1586 4485 1650 4535 nen
1671 4465 1829 4549 crederet,
1858 4487 1887 4532 v.
1913 4473 1973 4534 143
1996 4487 2090 4535 suum

503 4597 611 4660 tenere
631 4592 733 4660 locum
756 4591 892 4675 negavit
942 4589 1041 4674 Spem
1067 4590 1135 4658 fore
1157 4597 1194 4658 ut
1220 4591 1329 4658 mirari
1356 4609 1393 4657 ae
1421 4590 1461 4656 de
1489 4590 1601 4657 horum
1628 4606 1776 4656 uersuum
1804 4587 1915 4656 ordine
1943 4588 2089 4658 dubitare

504 4713 635 4796 desinat,
657 4713 684 4779 si
704 4713 826 4798 legerit,
849 4731 930 4796 quae
947 4731 1005 4797 ego
1020 4713 1123 4780 Ztseh.
1140 4712 1160 4778 i.
1183 4714 1213 4780 d.
1231 4711 1342 4796 Gymn.
1358 4712 1418 4778 XX
1438 4731 1469 4796 p.
1487 4715 1548 4777 222
1571 4710 1715 4795 exposui3
1737 4709 1792 4777 nbi
1807 4709 1864 4776 Ar.
1885 4715 1975 4776 1446.
1995 4716 2086 4777 1542.

504 4836 590 4904 Eeel.
613 4839 687 4900 451.
711 4840 783 4902 111.
809 4833 892 4902 Plnt.
918 4840 977 4902 143
1000 4835 1139 4917 quinque
1159 4834 1235 4902 locis
1258 4834 1340 4901 inter
1362 4852 1397 4900 se
1418 4832 1549 4900 conlatis
1572 4832 1697 4900 eumin
1725 4831 1941 4912 conloquendo
1970 4849 2088 4901 morem

503 4958 724 5040 Aristophanis
745 4959 887 5042 personis
908 4956 1078 5038 vindicavi,
1099 4975 1161 5040 qno
1182 4957 1232 5023 vel
1253 4957 1337 5023 omni
1359 4956 1555 5023 dubitatione
1578 4959 1721 5039 exempta
1744 4959 1864 5030 tamen,
1893 4955 1978 5036 quod
1999 4974 2088 5039 pror·

506 5099 561 5148 sus
582 5098 698 5147 norum
720 5080 894 5163 didicimus,
917 5099 975 5148 nos
996 5079 1137 5148 nondum
1158 5079 1237 5145 setis
1259 5077 1438 5145 concoxisse
1459 5078 1575 5144 talibus
1597 5075 1896 5159 interrogationibus
1919 5094 2019 5160 paene
2040 5076 2087 5143 in·

505 5201 561 5269 viti
581 5199 754 5287 prodimus.
793 5199 855 5270 Sed
875 5203 968 5270 homo
991 5199 1191 5271 doctissimus
1213 5216 1275 5266 non
1297 5198 1374 5266 satis
1396 5196 1507 5264 habuit
1529 5196 1762 5279 transposuisse
1775 5215 1804 5264 r.
1820 5200 1880 5262 143
1895 5201 2011 5280 postu.
2026 5200 2087 5264 133
